1821 2925
904 375 146 78 — 8 —

441 477 1175 61 trop tard et trop tôt. La scission de la famille royale est regrettable.

438 509 1178 56 « Voilà Murat traité comme l’aurait dù être Napoléon. Cest un bien

441 546 1175 63 pour nous. Mais voilà le roi d’Espagne qui établit chez lui le despotisme.

441 587 492 61 C’est un mauvais exemple. ».

358 653 1265 78 35. DUPUIS (Charles-François), philosophe et conventionnel,

453 704 1172 71 auteur de l’Origine de tous les cultes, n. 1742, m. 1809.

487 755 941 81 P. a. s. ; Paris, 7 ventôse an VI, 1/2 p. in-8 oblong.

487 816 1136 81 Reçu de 600 livres à compte sur ce qui lui est dû par Agasse pour son

436 882 631 58 ouvrage de l’Origine de tous les cultes.

353 948 1277 70 36. DURRIEU (Antoine-Simon, baron), célèbre général, un

453 994 1172 95 des héros de la Moskowa et de Waterloo, n. 1775,

453 1060 205 56 m. 1862.

489 1116 1029 85 L. a. s. à un général ; Périgueux, 8 janv. 1832, 2 p. in-4.

475 1182 1150 61 Intéressante lettre sur sa nomination au commandement de la 9e di¬

443 1218 1175 61 vision militaire. « Vous m’envoyez donc dans un païs d’émeutes; j’irai,

443 1257 1180 69 puisque la position est plus importante et qu’on y est presque en cam¬

443 1301 176 76 pagne... »

360 1360 1270 80 37. EBLÉ (Jean-Bapliste, comte), général d’artillerie, qui

453 1413 1172 73 s’illustra dans la campagne de Russie, n. 1758, m. 1812.

494 1494 1136 56 L. a. s. aux représentants Briez et Haussmann; Anvers,

455 1538 793 75 14 nivôse an III, 1 p. in-4, tête impr. et vig.

475 1594 1146 63 Il leur demande de l’autoriser par un arrêté à fournir quinze milliers

448 1630 1095 83 de poudre pour les travaux des places de la Flandre hollandaise.

363 1689 1270 90 38. FERDINAND VII, roi d’Espagne, détrôné par Napo¬

463 1762 555 68 léon Ier, n. 1784, m. 1833.

497 1803 1133 83 L. a. s. à Toledo ; San Ildefonso, 2 septembre 1829, 1/2 p. in-4.

458 1869 217 61 Jolie pièce.

365 1937 1270 81 39. FRÉDÉRIC-AUGUSTE, premier roi de Saxe, allié de

465 1991 656 83 Napoléon 1er, n. 1750, m. 1827.

502 2040 1128 100 L. s., en francais, à un maréchal; Francfort, 21 juin 1809,

463 2101 434 78 1/2 p. in-4. Belle pièce.

370 2159 1268 88 40. FRESSINET (Philibert, baron), célèbre général, un des

463 2232 1170 88 héros de Lutzen et de Leipzig, n. à Marcigny (Saône-et-

460 2279 483 95 Loire), 1769, m. 1821.
