1929 2900
809 355 145 67 — 7 —

343 444 1194 61 en Bourgogne; les munitions, outils et grenades à Lyon. Il se plaint

348 478 1184 53 amèrement de ce retard. La plupart des officiers sont encore à Paris.

343 512 1187 55 Le Prince conjure le cardinal de mettre bon ordre à cet état de choses.

263 599 1271 70 30. CONTAT (Louise), célèbre actrice du Théâtre-Français,

357 654 389 80 n. 1760, m. 1813.

401 722 1136 70 L. a. s. (à M. de Châteauneuf); ce 25, 3 p. 1/4 in-32. Déchirure

362 783 375 50 enlevant deux mots.

396 821 1134 73 Curieuse épître où elle recommande des citoyens qui sont « dans

362 877 1170 87 les principes philosophiques auxquels nous devons notre heureuse révo¬

355 915 147 51 lution ».

275 1000 1267 60 31. CONTI (Armand de BOURBON, prince de), frère du grand

369 1046 1173 82 Condé, célèbre général, époux d’Anne Martinozi, n. à

379 1104 474 60 Paris, 1629, m. 1666.

406 1138 1141 106 L. s. au comte de Toulongeon, 1 p. in-4, cachets et soies, Très

367 1205 205 68 jolie pièce.

273 1268 1271 97 42. CZARTORYSRl (Auguste-Alexandre), palatin de la Russie

374 1346 1170 65 rouge, lieutenant général, qui essaya de réformer le

374 1394 953 75 gouvernement de son pays, n. 1698, m. 1782.

403 1459 1139 82 L. s. au comte von Batiani; Varsovie, 23 déc. 1738, 2 p. in-fol.

372 1522 261 70 Superbe pièce.

277 1587 1267 95 93. DALBERG (Émeric-Joseph, duc de), célèbre homme

374 1655 1165 70 d’Etat, membre du gouvernement provisoire de 1814,

372 1708 382 97 n. 1773, m. 1833.

413 1790 1124 61 4 l. aut., dont une signée, au baron Louis, au baron de Vitrolles,

372 1834 1167 77 à son secrétaire Hedessofer et à Laffite; Vienne, 13 et 13 mars 1815,

369 1882 179 73 5 p. in-4.

398 1933 1144 63 IMPORTANT DOSSIER sur le retour de Napoléon de l’ile d’Elbe. Envoi d’une

365 1974 1177 60 déclaration vigoureuse contre l'homme qui veut revenir en France. Les

365 2010 1177 65 puissances déclarent qu’il s’est placé hors des lois des nations et qu’il

365 2046 1177 56 n’y aura ni paix, ni trève avec lui. Quinze mille Russes déjà marchent

365 2083 1179 58 en avant. — L'essai de Bonaparte va troubler l’Europe, mais il resserre

365 2119 1174 56 la coalition, reforme les armées et tient tout le monde prêt à marcher.

365 2158 734 53 Mesures à prendre pour sa maison de Paris.

282 2218 1269 114 34. DAUMESNIL. (Pierre, baron), célèbre général, dit la
