1892 2921
840 394 148 68 — 3 —

297 474 1261 83 10. BERNIER (Étienne-Alexandre), curé de Saint-Laud à

392 530 1159 73 Angers, chef vendéen, qui concourut à la pacification de

389 572 1164 75 la Vendée et à la conclusion du Concordat et fut nommé

387 623 750 75 évêque d’Orléans, n. 1764, m. 1806.

421 679 1035 92 L. a. s. à un général ; Paris, 20 germinal an IX, 1 p. in-4.

409 749 1052 90 Intéressante lettre sur la mise en liberté d’un citoyen d’Angers.

289 813 1257 111 11. BERT (Paul), célebre physiologiste et homme politique,

387 888 1164 83 gouverneur de l’Indo-Chine, n. 1833, m. au Tonkin en

387 939 124 61 1886.

418 998 1137 99 L. a. s. au rédacteur d’un journal; Sens, 28 mai 1872, 3 p. 1/2

377 1039 90 66 in-8.

411 1100 1147 87 Curieuse épître où il déclare qu'il n'a jamais eu de relation directes

370 1146 1122 78 ni indirectes avec la princesse Mathilde, comme on le lui reproche.

287 1224 1256 100 12. BOERNE (Loeb BARUCH, dit Ludwig), célèbre écrivain et

382 1287 1152 90 pamphlétaire libéral allemand, ami de Henri Heine.

377 1343 380 56 n. 1786, m. 1837.

416 1397 1122 95 L. a. s. à Madame Vallentin; 29 déc. 1830, 1/4 de p. in-8.

372 1453 324 68 Jolie lettre. Rare.

282 1509 1252 107 13. BONAPARTE (Jérôme-Napoléon), fils du roi Jérôme,

372 1582 499 73 consin de Napoléon III.

416 1650 1115 90 L. a. s. à un électeur du Puy-de-Dôme; Paris, 9 février (1852),

370 1701 175 78 2 p. in-8.

394 1755 1140 77 Très curieuse épitre politique où il mande qu’il ne sait pas s’il se pré¬

357 1801 1174 68 sentera à la députation, car il est fatigué de la politique. Il lui donne

357 1835 1172 70 ensuite des conseils pour les élections. « Ne nommez ni légitimistes, ni

357 1876 1174 64 orléanistes, des hommes nouveaux avant tout bonapartistes, mais

357 1910 1172 64 démocrates, qui aiment et sachent défendre le peuple, qui seul nous est

357 1947 1174 73 attaché et se souvient. Craignez et défiez-vous des Morny et compa¬

357 1983 125 54 gnie. »

277 2054 1249 95 14. BOSQUET (Pierre-Joseph-François), maréchal de France,

370 2112 1156 90 qui s’illustra dans la guerre de Crimée, n. 1810, m. 1861.

404 2185 1030 76 L. a. s. au général Renault ; 16 juillet 1851, 3 p. 1/2 in-8.

394 2244 1132 78 Très intéressante lettre où il le remercie de ses compliments sur

360 2283 1171 109 l'expédition de Kabylie. La campagne a été remarquable par l'énergie
