1871 2925
717 382 170 47 — 19 —

185 458 1259 61 99. PORTALIS (Jean-Etienne-Marie), célèbre jurisconsulte,

285 502 1166 68 un des principaux rédacteurs du Code civil, membre de

278 555 829 81 l’Académie française, n. 1745, m. 1807.

317 621 895 68 L. s. au cardinal Fesch; (1805 ?), 2 p. 1/2 in-fol.

307 684 1141 64 Très intéressante lettre d’envoi du message de l’Empereur au Sénat.

270 728 1178 59 Il exalte le génie du souverain et termine par cette phrase : « En admi¬

270 765 1181 54 rant en lui le fondateur du premier des empires, proclamons et bénis¬

270 801 1181 59 sons encore le restaurateur du monde et le bienfaiteur de l’humanité. »

168 870 1283 83 100. RABAUT-SAINT-ETIENNE (Jean-Paul), illustre consti¬

282 921 1049 73 tuant et conventionnel, n. 1743, décapité en 1793.

319 970 1037 92 L. a. s. à Freteau; 23 août (1791 ?), 1 p. 3/4 in-4, cachet.

307 1065 1144 61 Intéressante lettre où il mande que les Bernois sont très mal disposés

270 1101 1178 61 pour les Français et que des soldats autrichiens déguisés en paysans se

270 1140 1178 59 rendent à Fribourg. On ne pense pas que l’empereur veuille attaquer,

270 1177 1181 56 mais on croit que la France périra par elle-même, par l’anarchie, par la

270 1213 671 74 rareté du numéraire et par les divisions.

170 1272 1278 90 101. RAUCOURT (Françoise), célèbre tragédienne, n. 1753,

282 1335 198 66 m. 1815.

321 1404 1101 68 P. s., avec 2 mots autographes; Paris, 6 avril 1811, 4 p. in-4.

300 1452 1136 78 Curieux document. Lacteur François Roran, dit Mazilly fils, s'engage

273 1513 1178 51 à servir dans la troupe organisée par Mlle Raucourt pour jouer la comé¬

278 1550 780 75 die francaise dans les principales villes d’Italie.

175 1616 1281 68 102. RICHELIEU (Fernand-Emmanuel-Sophie-Septimanie DU

290 1669 1161 86 PLESSIS, duc de), le célèbre ministre de Louis XVIII,

285 1723 373 61 n. 1766, m. 1822.

321 1776 1132 100 L. s. au comte de Noailles; Paris, 5 mars 1816, 1 p. 1/4

278 1833 119 58 in-fol.

307 1854 1137 122 Intéressante lettre où il lui mande que le Roi désire que les ambas¬

270 1928 1181 63 sadeurs, au retour de leur mission, lui remettent un mémoire détaillé

273 1974 756 68 des négociations dont ils ont pu étre chargés.

175 2049 1278 64 103. ROGER (Jean-François), célèbre auteur comique, mem¬

287 2101 1164 68 bre de l’Académie française, n. à Langres, 1776, m. 1842.

326 2152 901 80 L. a. s. à Monseigneur...; 20 avril 1809, 3 p. in-4.

314 2220 1125 85 Intéressante lettre où il demande la place de censeur et expose ses

280 2266 554 83 titres administratifs et littéraires.
