1842 2925
946 372 171 69 — 28 —

385 460 600 76 139. SOULT (Jean de Dieu).

544 531 1139 83 L. s. au maréchal Marmont; Séville, 9 fév. 1812, 1 p. 1/4

500 572 90 66 in-4.

524 631 1152 63 PIÈCE HISTORIQUE où il lui mande que les Anglais poussent leurs pré¬

495 677 1178 51 paratifs pour le siège de Badajoz. L’armée de lord Wellington est déjà

492 714 1179 56 en marche pour se porter sur la gauche du Tage et commencer ses opé¬

495 748 1173 58 rations. En conséquence il le prie de se tenir prêt à secourir Badajoz. —

492 782 986 66 (Cette ville tomba au pouvoir des Anglais le 6 août suivant).

380 848 1293 80 140. FOY (Maximilien-Sébastien, comte), célèbre général, un

502 909 1166 70 des meilleurs orateurs de son temps, n. 1775, m. 1825.

539 975 1132 73 L. s. au maréchal Marmont; Talavera, 25 mars 1812, 2 p. 1/2

502 1004 95 83 in-4.

524 1067 1144 71 PIÈCE HISTORIQUE sur les événements militaires. Les pluies ont grossi

485 1113 1183 54 les rivières et rendu les communications très difficiles. Le mauvais

485 1152 1178 59 temps empèche d'entendre les canonnades de Badajoz. « Depuis quel¬

485 1189 1181 73 ques jours les guérillas attaquent mes détachements sur les deux rives

483 1223 185 76 du Tage. »

373 1296 1298 86 141. MARET (Hugues), duc de Bassano, célèbre ministre de

500 1343 653 70 Napoléon Ier, n. 1763, m. 1839.

534 1401 1127 93 L. s. au comte de Montholon; Wilna, 21 juillet 1812, 2 p.

490 1460 119 56 in-fol.

517 1521 1146 65 PIÈCE HISTORIQUE sur la campagne de Russie. Il mande que l’Empereur

478 1564 1176 59 est à Wilna, qu’on a fait beaucoup de prisonniers russes à Star-Lepel,

478 1601 1185 58 L’avant-garde de l’armée est entrée dans la Russie blanche et occupe

483 1640 1176 56 Mohilow. Le prince d’Eckmuhl continue de manœuvrer sur l’armée du

478 1669 1181 59 prince Bagration. L’armée du roi de Westphalie et celle du prince Ponia¬

478 1708 1181 54 towski ont fait leur jonction avec celle du prince d’Eckmuhl. L’Em¬

478 1745 1181 61 pereur jouit de la meilleure santé. — (Deux jours après Davout battit

480 1779 369 58 Bagration à Mohilow.)

368 1850 493 80 142. MARET (Hugues).

526 1908 1130 78 L. s. au comte de Montholon ; Wilna, 16 septembre 1812, 3 p.

487 1952 118 73 in-fol.

514 1984 1142 100 PRÉCIEUX DOCUMENT HISTORIQUE ou il lui narre la célèbre bataille de la

478 2057 1178 61 Moskowa. Le 7 septembre l’Empereur entouré de ses maréchaux vit le

475 2093 1179 64 soleil se lever sans nuages et s’écria : C'est le soleil d’Austerlitz! A 6 heu¬

475 2127 1181 59 res du matin la canonnade s'engagea et à 8 heures les positions et les

475 2164 1181 63 redoutes de l’ennemi furent prises par le prince Eugène et le maréchal Ney.

475 2193 1179 69 Toutes les tentatives des Russes furent repoussées et à deux heures la

475 2230 1181 63 bataille était finie. La perte de l’ennemi a été évaluée en tués et blessés

478 2274 1178 78 à 40 ou 50,.900 hommes, la nôtre à 10,000. L'armée regrette six généraux
