1850 2908
938 361 172 65 — 20 —

383 445 1290 59 104. SACKEN (Fabien-Guillaume, prince de), célèbre géneral

501 494 1123 58 russe, gouverneur de Paris en 1814, n. 1752, m. 1837.

543 540 1130 92 L. s., en francais, au comte...; Paris, 4 mai 1814, 1 p. 1/2

501 605 126 68 in-fol.

523 661 1145 66 Très curieuse épitre. Les banquiers de Paris lui ont remis 8.060 francs

492 707 1168 61 pour les distribuer aux blessés de l’armée de Russie. Cette somme, pro¬

492 743 1171 56 venant des bénéfices réalisés dans les premiers jours de l'occupation de

489 782 1174 56 Paris sur l'échange du papier monnaie de Russie, doit être partagée,

492 814 1173 63 par les ordres de l’empereur de Russie, en quatre portions égales au

492 850 1173 68 profit des blessés des armées alliées, et une de ces portions est destinée

492 889 536 56 aux blessés de l’armée française.

387 949 1288 78 105. SAMBUCUS (Jean), célèbre érudit hongrois, historio¬

501 1008 1125 75 graphe de la maison de Habsbourg, n. 1531, m. 1584.

540 1088 1123 60 P. s., avec 2 mots autographes; 3 juin 1577, 1 p. in-8 oblong.

387 1160 1286 85 106. SANDEAU (Jules), célèbre romancier, membre de l’Aca¬

504 1211 730 68 démie française, n. 1811, m. 1883.

543 1267 914 85 L. a. s. à HENRI MURGER ; (janvier 1860), 1 p. in-18.

523 1352 1145 55 Charmante épître où il le félicite de sa décoration. « Cela vous était

492 1393 1166 53 dû depuis longtemps, mon cher Murger. C’est la vérité; j’en ai été, j’en

494 1429 1166 56 suis encore aussi heureux que vous. J’aime votre talent, j’aime votre

492 1470 637 54 personne, j'estime votre caractère... »

387 1526 1176 80 107. SARDOU (Victorien), le célèbre auteur dramatique.

543 1604 632 70 L. a. s. à l’acteur Dupuis, 1 p. in-8.

523 1657 1145 97 Charmanté épitre sur la représentation d’une de ses pièces à Saint-

489 1722 216 59 Pétersbourg.

390 1783 1285 73 108. SCHILL (Ferdinand von), célèbre patriote allemand, qui

506 1841 1162 66 fomenta un soulèvement contre les Français en 1809,

506 1892 839 85 n. 1773, tué à Stralsund le 31 mai 1809.

547 1950 1123 83 L. s. à M. Œhmigke ; Berlin, 26 décembre 1808, 1 p. 1/2 in-4.

504 1994 107 70 Rare.

387 2074 1283 90 109. SÉBASTIANI (Horace, comte), maréchal de France,

504 2134 385 80 n. 1772, m. 1851.

543 2202 1130 114 L. a. s. à un genéral; Consantinople, 19 sept 1807, 1 p. 3/4

506 2251 114 75 in-fol.
