1871 2921
796 355 176 70 — 13 —

399 457 1089 76 L. s. ; Berlin, 3 janvier 1799, 1/2 p. in-4. Belle et rare pièce.

270 537 1264 66 64. MANSFELT (Pierre-Ernest, comte de), gouverneur du

365 589 999 82 Luxembourg et de Bruxelles, n. 1517, m. 1604.

404 657 1125 65 L. s., en français, aux magistrats de Bois-le-Duc ; Bruxelles,

365 708 780 56 20 août 1590, 1/2 p. in-fol. oblong, cachet.

389 752 1148 75 Il les prévient que l'ennemi est en force aux environs de Breda et il

350 813 634 73 les engage à se tenir sur leurs gardes.

270 895 1259 64 65. MANUEL (Jacques-Antoine), célébre député et orateur

365 942 1162 63 libéral, expulsé de la Chambre en 1823, n. 1775, m. 1827.

399 1005 957 95 L. a. s. au Dr Pasquier ; lundi, 1 p. in-8. Belle lettre.

267 1080 1262 81 66. MARCHAND (Louis-Joseph-Narcisse, comte), premier

367 1146 1160 66 valet de chambre de Napoléon Ier, qu’il accompagna à

365 1200 1160 77 Sainte-Hélène et dont il fut l’exécuteur testamentaire,

365 1246 441 73 n. à Paris, 1791, m.

401 1297 946 85 L. a. s. à Vattemare; Paris, 13 avril 1836, 1 p. in-8.

384 1370 975 95 (Eavoi d’autographes de Bertrand, Las-Cases et Montholon.

267 1458 1260 73 67. MARIE, grande-duchesse de Russie, sœur d’Alexandre Ier,

365 1521 563 66 duchesse de Saxe-Weimar.

399 1560 1133 85 L. a. s., en francais, au comte... ; Weimar, 2-14 mai 1811,

358 1621 575 68 3/4 de p. in-8. Très jolie lettre.

267 1699 1260 80 68. MARIE-THÉRÈSE D’AUTRICHE, reine de Sardaigne,

365 1762 1162 73 nièce de l’empereur Joseph II, femme de Victor-Emma¬

365 1823 555 58 nuel Ier, n. 1773, m. 1832.

409 1879 1123 78 L. a. s., en francais, à sa sœur; Verceil, 14 janvier 1800, 4 p.

360 1940 100 43 in-4.

387 1971 1150 115 Superbe lettre toute relative à la mort de son fils unique, qui a suc¬

350 2034 1179 52 combé en Sardaigne à la petite vérole. Considérations sur la triste situa¬

355 2071 288 75 tion de son mari.

272 2146 1262 73 69. MARILLAC (Michel de), célèbre homme d’Élat, garde

365 2212 1167 63 des sceaux, disgracié par son rôle dans la fameuse jour¬

365 2261 848 61 née des dupes, n. à Paris, 1563, m. 1632.
