1908 2912
769 383 175 63 — 19 —

383 431 1112 115 L. a. s. à Becker; Goettingue, 26 mars 1781, 2 p. 1/4 in-4,

337 529 138 48 cachet.

356 538 1151 100 Très belle lettre où il se livre à des considérations sur l’infanticide en

334 596 1171 81 Allemagne et en Angleterre. Il raconte que le duc de Saxe-Weimar a

327 635 1182 80 fait une visite incognito aux professeurs et il exprime sa douleur de la

320 691 296 63 mort de Lessing.

247 742 1265 109 90. LONGUEVILLE (Anne-Geneviève de Bournon, duchesse

344 810 1168 90 de), sœur du grand Condé, la célèbre héroïne de la

339 868 581 75 Fronde, n. 1619, m. 1679.

378 917 1136 90 L. a. s. au R. P. général de la congrégation des Ursulines;

342 987 699 66 10 octobre, 3 p. in-12, cachets et soies.

366 1004 1146 107 Très belle lettre où elle appuie la demande que la supérieure de

327 1084 745 68 l’Hôtel-Dieu de Rouen fait du père Bruslard.

252 1155 1017 94 91. LOUIS XII, roi de France, n. 1462, m. 1515.

378 1206 981 104 L. s. à Antoine Turpin; Novare, 13 juillet, 1/2 p. in-4.

368 1298 1151 80 Il mande qu’il lui a fait remettre mille livres pour la cession du.

332 1356 369 63 bailliage de Sézanne.

252 1405 1061 106 92. LOUIS XIII, roi de France, n. 1601, m. 1643.

388 1482 1131 80 L. a. s. au duc de La Force; Saint-Germain-en-Laye, 13 sept.

349 1528 1139 83 1638, 3/4 de p. in-4, cachets et soies. Jaunie.

376 1579 1153 90 Très belle lettre où il le remercie de ses compliments sur la naissance.

349 1647 405 88 du Dauphin (Louis XIV).

262 1696 1262 102 93. LOUVERTURE (Toussaint), le célèbre général noir,

359 1778 400 80 n. 1748, m. 1803.

395 1827 1131 116 L. s. au cit. Pascal, le Cap, an V, 1 p. in-4, tete impr. Rognée

356 1897 309 56 dans une marge.

259 1934 1277 101 94. LUYNES (Anne de ROHAN, duchesse de), sœur de la

366 2009 685 104 duchesse de Chevreuse, m. 1684.

405 2069 1138 85 L. a. s. au grand-duc de Toscane; (1674), 1 p. in-4, cachets et

356 2145 321 63 soies. Jolie pièce.

271 2200 1265 110 95. MAINTENON (Françoise d’AUBIGNÉ, marquise de), épouse

366 2264 859 104 de Louis XIV, n. à Niort, 1635, m. 1719.
