1871 2892
366 412 1266 72 15. BONALD (Louis-Gabriel-Ambroise, vicomte de), célèbre

462 467 1165 72 philosophe, membre de l’Académie française, n. 1754,

462 522 345 82 m. 1840.

494 588 1073 69 L. a. s. au baron d’Eckstein ; 17 août (1836), 3/4 de p. in-4.

482 643 1024 99 Belle lettre pleine de considérations sur un ouvrage du baron.

366 720 1266 106 16. BONCOMPAGNO (le cardinal Girolamo), archevêque de

462 788 389 94 Bologne, m. 1684.

494 857 1133 68 2 l. s., dont une avec 6 lignes aut.; Bologne, 1673 et 1680, 2 p.

453 903 130 58 in-fol.

361 959 1268 96 17. BONCOMPAGNO (le cardinal Giacomo), archevêque de

455 1036 591 55 Bologne, n. 1652, m. 1731.

494 1086 1131 80 4° L. s., avec la souscript. aut., au Pape; Bologne, 6 déc. 1727,

455 1147 1167 58 1 p. in-fol. Superbe lettre. — 2° 3 l. s. à Albergati; Bologne,

453 1183 810 70 1708-1722, 3 p. 1/2 in-fol. Très belles lettres.

361 1270 1264 65 18. BOURBON (Louis, cardinal de), évêque de Laon, arche¬

455 1320 1167 92 vêque de Sens, gouverneur de Paris, illustre prélat,

453 1373 381 68 n. 1493, m. 1556.

489 1417 1138 101 L. a. 2. au cardinal Du Bellay; Saint-Denis, 28 juillet, 3/4

453 1491 410 53 de p. in-fol. Très rare.

474 1520 815 104 Superbe lettre ou il lui demande un render-vous.

361 1607 1261 84 19. CANAYE (Philippe de FRESNE, sire de), célèbre diplo¬

455 1679 1165 97 mate, ambassadeur en Angleterre, n. à Paris, 1551,

453 1725 200 68 m. 1610.

489 1776 1136 82 L. a. s. au prince d’Anhalt; Strasbourg, 28 janv. 1593, 2 p. in¬

450 1841 991 65 fol., cachet à ses armes.

477 1887 1145 74 Intéressante lettre. Il n’a pas réussi dans la mission dont le roi

441 1944 1176 58 l’avait chargé auprès des princes allemands pour en obtenir des secours.

441 1983 1176 51 « Je verray Monseigneur l’électeur palatin et luy feray entendre comme

441 2017 1176 53 il n’a pas tenu à Votre Excellence qu’il ne soyt pris quelques meilleures

441 2053 1174 53 résolutions mais que le fondement a manqué et que nul autre des am¬

438 2089 919 67 bassadeurs n’a rien proposé pour les secours de S. M. »

356 2161 1266 85 20. CAPODISTRIA (Jean-Antoine, comte), célèbre homme

453 2217 1167 96 d’État au service de la Russie, président du gouverne¬

918 322 130 75 — 4 —
