1875 2921
922 333 156 78 — 16 —

513 433 1130 66 L. a. s. au duc de Feltre ; Amsterdam, 2 janv. 1812, 2 p. in-fol.

477 479 304 63 Très belle lettre.

382 545 1264 73 81. MORILLO (don Pablo), comte de Carthagène, célèbre

482 601 1166 63 général espagnol, qui se distingua dans la guerre du

482 654 601 66 Venezuela, n. 1777, m. 1838.

513 710 1137 78 L. a. s., à Madrazo ; Madrid, 5 déc. 1831, 1 p. 1/2 in-4. Belle et

472 766 209 66 rare lettre.

384 815 1264 114 82. MOUCHY (Philippe de NOAILLES, duc de), maréchal de

484 907 723 54 France, n. 1715, décapité en 1794.

511 944 764 90 L. a. s.; Paris, ce 20, 1 p. in-4. Jolie pièce.

382 1041 1135 110 83. MUNKACZY (Michel), le célèbre peintre hongrois.

513 1127 792 70 L. a. s., en français, 2 p. in-8. Jolie pièce.

389 1197 1259 78 84. NAUDET (Jean-Baptiste-Julien-Marcel), célèbre acteur

482 1258 825 71 du Théâtre-Français, n. 1743, m. 1830.

525 1326 1125 66 P. s., avec 4 lignes autographes, sig. aussi par Des Essarts et

479 1372 811 59 Mlle Collomb; Paris, 29 mai 1787, 3 p. in-fol.

499 1409 1132 85 Intéressant document. Engagement de Mlle Collomb au Théâtre-Fran¬

462 1477 636 63 çais en qualité de première danseuse.

394 1538 1261 80 85. NEY (Michel), prince de la Moskowa, illustre maréchal

482 1599 776 83 de l’Empire, n. 1769, fusillé en 1815.

523 1660 1130 70 P. a. s., comme capitaine au 4e régiment de hussards; Trazi¬

484 1720 677 59 gnies, 6 messidor an II, 1 p. 1/2 in-4.

501 1750 1152 80 Très, intéressant document où il rend compte d’une reconnaissance

469 1818 967 70 militaire exécutée par lui par les ordres du général Kléber.

384 1886 402 83 86. NEY (Michel).

521 1947 1137 102 L. s. à Berthier ; Berne, 23 brumaire an XI, 2 p. in-fol., tête

477 2003 114 63 impr.

504 2059 1146 63 PIÈCE HISTORIQUE sur les mesures qu’il vient de prendre pour la paci¬

474 2103 1176 56 fication de la Suisse. Deux officiers supérieurs vont parcourir toute

472 2139 1178 54 l'Helvétie et y porter des paroles de paix. Ils s'efforceront de découvrir

472 2178 1178 49 « si des agents anglais ou autrichiens ne cherchent pas encore à souffler

469 2212 1179 95 le jeu de la discorde et à s’opposer aux vues bienfaisantes du gouver¬

467 2246 317 71 nement français ».
