1896 2921
748 365 173 39 — 29 —

190 418 1286 83 144. SIMPSON (Thomas), savant mathématicien anglais,

307 477 385 68 n. 1710, m. 1761.

333 520 1090 103 L. a. s. à Nourse ; 13 mars, 1/2 p. in-4. Belle et rare pièce.

192 586 1287 117 145. SOUBISE (Jean de PARTHENAY, seigneur de), célèbre capi¬

314 666 1162 81 taine protestant, père de Catherine de Parthenay, n. 1512,

309 735 200 68 m. 1566.

348 771 1136 97 L. s., en italien, avec la souscript aut., au commissaire général

309 827 1114 85 du maréchal Strozzi ; 26 juillet 1555, 1/2 p. in-fol. Belle pièce.

194 910 1287 97 146. SOUTHEY (Robert), célèbre poète anglais, n. 1774,

316 988 198 85 m. 1843.

355 1024 1134 98 L. a. s. à MM. Longman, ses éditeurs ; Keswick, 18 avril 1825,

319 1109 248 49 1 p. 1/2 in-4.

338 1141 1151 80 Superbe lettre. Il vient de recevoir de M. Westall une lettre relative

309 1185 1175 75 aux dessins du Récit du Paraguay. Il avait été convenu que les graveurs

309 1219 1177 75 feraient leur travail avant les imprimeurs. Le volume comprendra dix

311 1256 1175 80 feuilles comme le Pêlerinage. Les notes, qui feront presque la moitié du

309 1290 1184 73 volume, ne peuvent être corrigées que dans sa bibliothèque, où les

309 1338 670 61 livres de référence sont à sa disposition.

207 1389 1284 98 147. STAEL-HOLSTEIN (Germaine NECKER, baronne de), l’il¬

324 1458 1087 80 lustre auteur de Corinne, n. à Paris, 1766, m. 1817.

358 1501 1135 100 L. aut. à Mme Odier; dimanche 18 (septembre 1809), 1 p. in-8.

353 1579 1140 88 Jolie lettre où elle exprime son regret que Talma n'aille pas à Ge¬

314 1633 1045 78 nève et mande que Mme Récamier va se rendre aux eaux d'Aix.

214 1699 1284 97 148. STRUVE (Guillaume de), célèbre astronome russe,

331 1772 395 63 n. 1793, m. 1864.

367 1823 1139 90 L. a. s., en français, au prince Dolgorouky; Pulkova, 29 août

336 1891 485 70 1853, 1 p. in-8. Jolie pièce.

216 1947 1290 105 149. TALLEYRAND (Charles-Maurice, prince de), l’illustre

336 2010 865 90 homme d’Etat, n. à Paris, 1754, m. 1838.

377 2069 1129 92 P. s., sig. aussi par Valence et Pastoret, 14 avril 1814, 1 p.

333 2144 117 56 in-fol.

363 2173 1140 93 PIÈCE HISTORIQUE. Amplification du décret du Sénat déférant le gouver¬

331 2229 1179 88 nement provisoire de la France au comte d'Artois, « en attendant que
