1908 2908
831 387 177 58 — 13 —

397 455 1171 85 France, lieutenant de Charles VIII et de Louis XII, dis¬

397 513 827 83 gracié par Anne de Bretagne, m. 1513.

433 559 1135 88 L. s. à son cousin M. de Rohan; le Plessis, 12 septembre, 1 p.

397 627 526 68 lin-fol. Rare. (Coll. B. Fillon.)

421 632 1145 111 Superbe lettre ou il l’engage à venir voir le roi qui va résider quelque

385 702 1176 71 temps au Plessis, « à cause que la royne (Anne de Bretagne) est accou¬

385 736 1181 70 chée d’un beau filz. » Il le prie de lui envoyer un tiercelet. — On a

385 777 1147 78 joint trois pièces originales concernant le procès du maréchal de Gié.

300 853 1268 87 60*. GOEZ (Jean, cardinal de), habile diplomate allemand,

402 899 1166 94 plénipotentiaire au congrès de Nimègue, n. 1610,

400 969 196 60 m. 1696.

441 986 1134 116 L. a. avec la souscript. aut., au cardinal Chigi; Strasburg en

397 1080 623 54 Corinthie, 3 déc. 1686, 1 p. in-fol.

305 1131 1273 102 61. GONZAGUE (Vincent II de), duc de Mantoue, d’abord

402 1211 592 58 cardinal, n. 1594, m. 1627.

443 1250 1130 87 L. s., avec la souscript. aut., à Marie de Médicis; Mantoue,

400 1318 834 65 6 avril 1615, 3/4 de p. in-fol. Très belle pièce.

310 1374 1265 92 62. GONZAGUE (Anne de), princesse palatine, célèbre par

404 1446 1174 68 ses galanteries et par son esprit, dont Bossuet prononça

404 1497 764 66 l’oraison funèbre, n. 1616, m. 1684.

443 1546 1132 92 L. a. s. à la duchesse de Mantoue; 24 mars 1647, 6 p. 1/4 in-4,

402 1606 1086 68 cachets brisés. Légère déchirure par la rupture d’un cachet.

424 1647 1144 75 PRÉCIEUSE LETTRE elle mande que sa sœur la reine de Pologne

400 1689 1166 75 (Marie-Louise) a eu la confirmation pour la somme de quarante mille

400 1727 1168 68 francs réclamée par elle. La reine régente (Anne d’Autriche) lui a alloué

397 1766 1169 66 la même somme. Anne de Gonzague en sollicite le paiement, par quel¬

397 1793 1178 70 que procédé que ce soit. Elle ne peut croire que la duchesse s’oppose à

395 1839 1042 70 l’arrêt rendu en sa faveur. Curieuses considérations à ce sujet.

310 1907 1268 77 63. GRAMONT (Marie-Christine de NOAILLES, duchesse de),

407 1960 1171 78 fille du maréchal Anne-Jules de Noailles, épouse du ma¬

409 2023 597 92 réchal Antoine de Gramont.

450 2074 1130 87 L. a. s. (au cardinal de Fleury); Paris, 26 mai (1726), 2 p. in-4.

412 2137 215 60 Belle pièce.

312 2190 1268 102 64. GRANDVILLE (Jean-Ignace-Isidore), célèbre dessinateur,

404 2265 602 97 n à Nancy, 1803, m. 1847.
