1850 2888
908 351 175 84 — 26 —

496 452 1149 48 Importante lettre où il lui mande qu’il a été obligé de livrer bataille

462 483 1176 53 le 16 avril à Sacile et que le résultat n’a pas été à son avantage. « Je me

460 524 1178 51 suis replié en arrière de la Piave, sans cependant être inqiété par l'en¬

460 563 368 62 nemi. »

354 611 722 106 131. BEAUHARNAIS (Eugène de).

505 707 1002 87 L. s. à Marmont; Kis-Czell, 12 juin 1809, 3/4 de p. in-4.

488 772 1154 55 Pièce historique, écrite deux jours avant la victoire de Raab. L Empe¬

457 813 1181 53 reur désire qu’il batte le général Chasteler, s’il peut le joindre, et, dans

455 847 1183 57 le cas où celui-ci se serait échappé, qu’il établisse les communications

460 883 351 53 de l’armée par Gratz.

351 962 619 58 132. BERTHIER (Alexandre).

508 1032 812 67 P. s.; île Napoléon, 4 juillet 1809, 3 p. in-fol.

491 1080 1149 67 PRÉCIEUX DOCUMENT HISTORIQUE sur les préliminaires de la bataille de

460 1131 1178 53 Wagram (livrée le 6 juillet). Ce sont les instructions dictées par Napo¬

452 1162 1183 60 léon pour le passage du Danube par le corps du général Oudinot (quiù

455 1205 1183 51 gagna à Wagram le bâton de maréchal). On y trouve dans les plus grands

452 1244 1183 43 détails les ordres pour la construction des redoutes et des ponts, pour

452 1275 1186 58 les barques armées du colonel Baste, pour l’artillerie, etc. — (On sait

452 1311 1186 55 que ces mouvements s’exécutèrent de point en point sous les yeux de

460 1350 758 55 Napoléon, dans la nuit du 4 au 5 juillet 1809).

349 1427 1289 57 133. JOURDAN (Jean-Baptiste, comte), illustre général répu¬

467 1470 1166 67 blicain et maréchal de l’Empire, le vainqueur de Fleurus,

404 1525 694 53 n. à Limoges, 1762, m. 1833.

498 1576 928 74 L. a. s. à Clarke; Tolède, 6 juillet 1809, 2 p. in-fol.

491 1636 1144 77 PIÈCE HISTORIQUE. Il lui dénonce l’esprit de division qui règne dans

455 1689 1180 55 l’armée d’Espagne et notamment l’hostilité existant entre les maréchaux

452 1730 1178 55 Ney et Soult. « Le duc d’Elchingen accuse hautement le duc de Dalma¬

450 1764 1183 53 tie d’avoir voulu le compromettre en Galice et d’être la cause qu’il a

450 1797 1183 51 évacué cette province. Le duc de Dalmatie se plaint de ce que M. le duc

450 1836 1180 48 d’Elchingen n’a pas fait ce dont ils étoient convenus. Des officiers, qui

452 1877 1181 43 viennent de ces corps d’armée, rapportent que les ducs d’Elchingen et

450 1908 1183 43 de Trévise disent qu’ils n’obéiront pas au duc de Dalmatie. » Jourdan

448 1939 1182 77 termine en demandant son rappel en France, à cause de sa mauvaise

450 1978 104 65 santé.

342 2050 631 79 134. BERTHIER (Alexandre).

498 2120 1135 67 L. s. au général Montbrun; Wolkersdorf, 7 juillet 1809, 11 heures

460 2173 322 67 du soir, 1 p. in-4.

476 2226 1145 115 PIÈCE HISTORIQUE, écrite le lendemain de la victoire de Wagram. Ordre

455 2262 1146 79 de se porter le plus loin possible sur la route de Vienne à Nicolsbourg.
