1904 2888
488 450 862 72 lien-Emmanuel); Bude, 30 mai 1717, 2 p. in-fol.

534 423 1134 65 L. a. s., en français, à son père l’électeur de Bavière (Maximi¬

515 512 1155 68 Superbe lettre, écrite comme prince électoral de Bavière et relative à

471 565 395 60 son voyage en Hongrie.

397 616 1268 103 26. CHOISEUL (Étienne-François, duc de), célèbre ministre

495 683 672 79 de Louis XV, n. 1719, m. 1785.

527 750 787 77 L. a. s.; Marly, ce 22, 1 p. in-4. Belle pièce.

397 842 898 91 27. CHOISEUL (Étienne-François, duc de).

527 909 1138 72 L. aut. au chevalier...; Saint-Hubert, 30 juin (1762), 3 p. 1/2

486 953 96 55 in-4.

512 977 1148 98 Pièce historique où il fait un grand éloge des soldats espagnols, qui

476 1056 1177 48 en tout valent mieux que les nôtres. « Nous avons plus de brillant, plus

481 1095 1175 48 de superficie, quelques officiers plus instruits, mais les Espagnols sont

476 1126 1180 58 plus solides et j’aimerois mieux les mener à la guerre que les nostres... »

476 1167 1180 48 Il déclare être fatigué à l’excès des armées d’Allemagne. On n’a pas pu

479 1200 1177 53 se rassembler à temps, tandis que les ennemis ont passé, le 24, le Dimel

471 1237 1177 55 et menacé Cassel. Il a fallu pour les arrêter attaquer la colonne anglaise.

476 1270 1182 51 « Le combat a été vif et douteux pendant plusieurs heures; il a réussi à

474 1299 1182 60 les contenir et donné le tems à l’armée d’arriver, mais a perdu au moins

476 1342 580 56 1,500 hommes dans cette affaire. »

392 1427 1266 65 28. CHRÉTIENNE DE FRANCE, duchesse de Savoie, fille de

486 1472 1170 70 Henri IV, femme de Victor-Amédée Ier, célèbre par ses

486 1523 1167 72 galanteries et par les troubles qui signalèrent sa régence,

493 1578 380 65 n. 1606, m. 1663.

524 1629 1134 79 L. a. s. à la Reine (Anne d’Autriche); (mai 1643), 1 p. 1/4 in-fol.,

481 1691 412 53 trace de cachet. Rare.

507 1737 1141 68 SUPERBE LETTRE de condoléances sur la mort de son frère Louis XIII.

471 1780 1185 58 Elle est convaincue que sa vertu et sa prudence lui permettront de tout

469 1826 1187 65 bien conduire « selon les mérites et qualités du trespassé ». Elle la

476 1865 871 60 remercie de l’espoir qu’elle lui donne de la paix.

387 1937 1269 87 29. CONDÉ (Louis II de BOURBON, prince de), dit le Grand,

483 1987 759 68 l’illustre général, n. 1621, m. 1686.

524 2028 1132 101 L. a. e. an cardinat Mazarin; Valence, 3 avril 1647, 2 p. in-4,

483 2108 280 60 cachets brisés.

500 2156 1146 62 PRÉCIEUSE LETTRE HISTORIQUE, écrite lors de son arrivée en Catalogne où

464 2192 1180 63 il se préparait à faire le siège de Lérida. Il mande que les ordres du

469 2238 1175 79 cardinal ont été aussi mal exécutés que possible. Les canons sont encore

943 327 149 79 — 6 —
