1892 2900
938 384 124 55 — 4 —

471 439 1176 80 et la ténacité des Kabyles qui ont bravement défendu leur indépen¬

474 497 839 58 dance. Il se loue du dévouement du général Camou.

389 558 1261 87 15. BROGLIE (Maurice de), évêque de Gand, aumônier de

483 613 1162 85 Napoléon Ier, enfermé à Vincennes en 1811, n. 1766,

481 671 203 90 m. 1821.

515 734 718 90 P. a. s.; Paris, 22 avril 1807, 1 p. in-4.

498 790 965 92 Intéressante note sur une cloche de la cathédrale de Gand.

391 879 1263 82 16. BRUIN (Eustache), célèbre amiral, commandant de la

486 937 818 75 flottille de Boulogne, n. 1759, m. 1805.

522 990 1132 102 L. a. s. à Nielly; Brest, 32 prairial an V, 1 p. 3/4 in-fol. téte.

481 1065 97 63 imp.

503 1089 1151 112 Superbe lettre de recommandation en faveur de l’enseigne de vaisseau

469 1172 147 60 Cacault.

391 1208 1261 106 17. CAMBACÉRÈS (Jean-Jacques-Régis de), conventionnel,

483 1278 1169 80 deuxième consul, archi-chancelier de l'Empire, n. 1753,

488 1343 206 61 m. 1824.

527 1392 1130 79 L. s. au maréchal Moncey; Paris, 27 juillet 1812, 3/4 de p.

491 1469 94 51 in-4.

517 1503 1142 77 Très intéressante lettre où il lui mande que l’impératrice est bien

481 1544 1171 75 portante et a repris de l’embonpoint et que le roi dé Rome croît et se

481 1580 1176 75 fortifie. Ou a recu de bonnes nouvelles de l’Empereur qui devait quitter

486 1633 309 58 Wilna le 17 juillet.

404 1679 1260 97 18. CHAMPIONNET (Jean-Étienne), illustre général de la

498 1749 1161 80 République, conquérant de Naples, n. à Valence (Drôme),

503 1812 322 82 1762, m. 1800.

529 1853 1133 106 L. s. au général Damas; Coblentz, 2 ventôse an IV, 3 p. in-fol.

520 1930 1142 75 Très intéressante lettre militaire sur les mesures à prendre pour

493 1976 825 70 remplacer les officiers absents ou démissionnaires.

406 2034 1260 97 19. CHANZY (Antoine-Eugène-Alfred), le célèbre général en

503 2097 1115 85 chef de l'armée de la Loire en 1870, n. 1823, m. 1883.

539 2162 944 92 L. a. s. ; 1er août 1871, 1 p. in-8. Jolie et rare lettre.

406 2252 1260 118 20. CHIRISTIAN VIII, roi de Danemark, n. 1780, m. 1848.
