1854 2912
735 364 172 77 — 25 —

298 456 1172 63 à Baylen, ministre de la guerre sous la première Restau¬

296 504 531 78 ralion, n. 1765, m. 1838.

334 572 1041 68 L. s. au duc de Rovigo; Andujar, 9 juillet 1808, 5 p. in-4.

317 638 1151 63 IMPORTANTE PIÈCE HISTORIQUE où il rend compte d’une démarche qu’il a

283 679 1180 56 fait faire par M. Leremburg, payeur de la première division, auprès du

283 715 1182 63 général espagnol Castanos. Celui-ci a refusé toutes tentatives de conci¬

286 749 1182 61 liation et il a affirmé que les affaires de l’insurrection étaient en très

288 786 1182 63 bon état et qu’il avait 50,000 hommes à nous opposer. Dupont est d’avis

286 822 1182 56 qu’il faut agir promptement et que 10,000 hommes de renforts sont¬

288 856 1180 63 nécessaires pour entamer les opérations décisives. « Il faut que la ter¬

288 893 1180 58 reur qu’inspirera un premier succès nous fasse ouvrir les portes de

288 929 1180 51 Séville et de Cadix.» — (Le 16 juillet Dupont fut attaqué à Castanos et,

288 965 961 73 battu, il signa, le 19, la honteuse capitulation de Baylen).

184 1048 621 65 128. BERTHIER (Alexandre).

342 1113 1135 83 L. s. au général Savary, duc de Rovigo ; Bayonne, 20 juillet

298 1155 357 77 1806, 2 p. 1/4 in-4.

322 1213 1153 70 IMPORTANTE PIÈCE HISTORIQUE où Berthier transmet à Savary les sévères

288 1254 1185 63 reproches de Napoléon. « L’Empereur, général, ne comprend pas ce que

291 1293 1182 56 vous faites..... L’Empereur trouve que vous ne concevez pas la direction

288 1329 1185 56 de cette guerre et que vous ne concevez pas ce qu’on s'efforce de vous

288 1366 1185 56 dire. » Piquants détails sur ce qu’il aurait dû faire. Maintenant que le

288 1400 1185 56 maréchal Bessières a vaincu les Espagnols (à Medina del Rio-Seco

291 1434 1182 58 le 14 juillet), il faut soutenir le général Dupont (dont Berthier ignorait

288 1470 1182 58 la capitulation à Baylen, signée le 19 juillet). « La guerre d’Espagne est une

288 1506 1182 61 guerre où l’armée française occupe le centre et l’ennemi la circonférence.

288 1536 1187 60 C’est une guerre de calcul et de patience, et où il faut être très attentif

288 1584 578 51 à ne pas faire de marche inutile. »

189 1657 616 65 129. BERTHIER (Alexandre).

342 1710 1138 80 L. s. à Savary; Bordeaux, 2 août 1808, 2 heures du matin, 1 p.

303 1776 175 56 1/2 in-4.

327 1812 1148 83 PIÈCE HISTORIQUE sur la nouvelle du désastre du général Dupont. Il ne

291 1868 1186 56 faut pas se décourager et, même si on devait évacuer Madrid, il faudrait

291 1902 1184 61 faire ce mouvement avec ordre et gaieté et donner de la confiance au roi

291 1938 1184 59 qui n'est pas habitué à ces événements. Il ne peut concevoir comment

293 1972 1182 56 le général Dupont n’a pas assuré ses communications. « Enfin, général,

293 2009 1180 60 telle chose qui arrive, il n’est plus au pouvoir d’aucun événement ni d’au¬

291 2045 1179 54 cune puissance d’empêcher le roi d’Espagne d’occuper son trône. C’est

296 2082 1179 60 dans les grandes circonstances qu'il faut courage, sang-froid et fer¬

296 2125 121 59 meté. »

194 2188 1070 71 130. BEAUHARNAIS (Eugène de), vice-roi d’Italie.

349 2239 1000 114 L. s. à Marmont, Trévise, 18 avril 1809, 3/4 de p. in-4.
