1892 2900
512 425 825 80 P. a. s.; Paris, 25 janvier 1785, 1 p. 1/2 in-4.

459 546 1004 77 tes. Lavoisier a inserit en tête ses nom, prénoms et qualités.

505 490 1120 77 Reçu du capital d'une rente de 250 livres provenant d'une de ses tan¬

375 628 1260 72 85. LE CAMUS (Étienne, cardinal), évêque de Grenoble,

474 691 963 67 célèbre théologien, n. à Paris, 1632, m. 1707.

515 746 1125 80 L. a. s., en latin, au Pape; 10 des ides d’octobre 1688, 1 p. in-

471 797 876 56 fol. Superbe lettre. Quelques taches de rousseur.

375 841 1265 115 86. LEIBNZ (Godefroy-Guillaume de), l'illustre philosophe

474 942 612 58 et savant, n. 1646, m. 1716.

512 1010 1128 60 L. a. s., en latin, à Liebeknecht, professeur de mathématiques

469 1044 1168 65 à Giessen; Hanovre, 30 janvier 1711, 1 p. in-4, cachet bien con¬

471 1092 414 60 servé. (Coll. A. Bovet.)

491 1126 1139 82 SUPERBE PIÈCE. Il le remercie de l’envoi d’un morceau de bois pétrifé.

464 1189 1169 58 Si des hommes savants et curieux comparaient le travail des diverses

462 1230 1175 50 régions, la surface de notre globe serait un peu mieux connue. Il lui de¬

462 1261 663 60 mande s’il a lu sa dissertation Protagœa.

375 1329 1262 77 87. LESPINASSE (Julie-Jeanne-Éléonore de), la célèbre amie

469 1396 878 68 de d’Alembert, n. à Lyon, 1732, m. 1776.

508 1447 1132 80 L. aut. à Suard; vendredi au soir, 3 p. in-8, cachet bien con¬

466 1508 767 58 servé. Déchirure par la rupture du cachet.

495 1551 1140 82 Très curieuse épitre où elle exhale son chagrin et son dégout de la

459 1604 1171 63 vie. « La crainte consume ma vie et mon âme. Je sens que je n’aurai

454 1643 1179 58 jamais assés de force pour m’acoutumer à ce poison. Croyés-vous que

457 1686 1176 54 soit l’indifférence qui puisse me délivrer de ce malheur? S’il y avait un

462 1725 914 70 moyen sûr, ne me conseilleriés-vous pas d’en user?.. »

372 1778 1263 82 88. L'HOPITAL (Marie-Francoise-Claudine MIGNOT, maré¬

474 1848 1161 68 chale de), femme célèbre par sa beauté, mariée d’abord

469 1899 1164 60 au maréchal de l’Hopital, puis au roi de Pologne Jean-

469 1947 934 75 Casimir, n. au Bachet (Isère), 1631, m. 1711.

503 2015 747 87 L. a. s.; (avril 1666), 2 p. in-4. Très rare.

486 2083 1147 60 PRÉCIEUSE LETTRE où elle demande un nouveau délai « pour remplir les

450 2117 1183 72 charges du receveur général de Dauphiné, dont je suis propriétaire ».

367 2196 1273 85 89. LICHTENBERG (Godefroy-Chrétien), célèbre écrivain et

469 2254 793 92 physicien allemand, n. 1742, m. 1799.

895 357 179 63 — 18 —
