1871 2900
263 425 1168 123 DOCUMENTS HISTORIQUES SUR LES CAMPAGNES

643 524 406 70 DE NAPOLÉON Ier

215 635 1288 65 121. BERTHIER (Alexandre), prince de Wagram, maréchal

331 676 1162 90 de l’Empire, chef d’état-major de Napoléon ler, n. 1753,

333 737 244 72 m. 1815.

369 785 1134 99 L. s. à BERNADOTTE ; Strasbourg, 6 vendémiaire an XIV (28 sep¬

331 853 464 67 tembre 1805), 3 p. in-fol.

355 896 1141 75 IMPORTANT DOCUMENT HISTORIQUE sur le commencement de l’immortelle

319 944 1172 63 campagne de 1805. Berthier transmet à Bernadotte les ordres de Napo¬

319 981 1172 60 léon pour sa marche en avant. Il lui mande que les corps d'armée des

321 1014 1172 66 maréchaux Lannes, Ney et Soult ont franchi le Rhin les 3 et 4 vendé¬

321 1051 1172 65 miaire (25 et 26 septembre) et il lui indique la route qu’ils doivent sui¬

321 1089 1172 58 vre. L'Empereur désire que Bernadotte soit arrivé le 16 à Aichstœtdt.

319 1126 1174 63 « Sa Majesté voudrait passer le Danube entre Donwert et Ingolstadt.

319 1162 1174 65 avant l'ennemi, ou, s’il évacuait la Souabe et la Bavière, l’attaquer sur

321 1196 1172 60 ses flancs pendant sa marche et reconquérir le plus promptement pos¬

323 1227 1173 65 sible la Bavière. » Quant aux Russes, il n’y a rien à craindre d’eux

326 1268 1167 66 pour le moment. « Tout ce que vous avez laissé à Hanovre viendra vous

323 1302 1170 68 rejoindre, car il est à croire que la Prusse va occuper ce pays; mais il

326 1334 1175 74 n'y a rien de décidé et tout ceci doit être gardé dans le plus profond

323 1389 145 56 secret. »

224 1435 636 87 122. BERTHIER (Alexandre).

377 1520 1131 72 P. s.; Ober-Falkeim, 22 vendémiaire an XIV (14 octobre 1805),

336 1575 572 56 huit heures du soir, 2 p. in-fol.

362 1602 1139 92 PRÉCIEUX DOCUMENT HISTORIQUE contenant les ordres de Napoléon aux

328 1667 1173 70 maréchaux Murat, Lannes et Ney et au général Marmont pour la jour¬

331 1703 1167 63 née du 23 vendémiaire (15 octobre). Le maréchal Lannes fera passer le

328 1737 1173 68 Danube aux trois divisions des généraux Oudinot, Suchet et Gazan et à

333 1776 1165 63 toute la cavalerie légère une heure avant le jour. Le maréchal Ney

328 1812 1175 65 mettra son corps d’armée en mouvement à 8 heures du matin de façon

328 1848 1168 65 à être prêt à midi à attaquer la position que l’ennemi occupe devant lui

331 1877 1172 65 « L’Empereur sera rendu de sa personne à l’abbaye d’Elchingen, d’où il

331 1918 1167 61 donnera les ordres d’attaque, tant à M. le maréchal Ney qu’aux autres

331 1947 1172 68 troupes. » Le général Marmont contiendra l’ennemi daus Ulm. « Si

331 1988 1172 61 l’un des généraux s’apercevait que l'ennemi évacue Ulm dans la nuit;

331 2025 1177 72 il en ferait prévenir l’Empereur. » — (Le 20 octobre Mack, capitulait

328 2066 542 72 dans Ulm avec 30,000 hommes.)

236 2117 1274 87 123. LEFEBVRE (Francois-Joseph), duc de Dantzig, illustre

345 2191 1160 90 général républicain et maréchal de l’Empire, n. 1755,

343 2274 198 60 m. 1820.

771 326 166 84 — 23 —
