1917 2921
645 559 531 112 CATALOGUE

428 737 938 124 D'AUOGRAPHES

302 1158 1239 83 1. AGUESSEAU (Henri-François d’), illustre chancelier de

370 1217 794 63 France, n. à Limoges, 1668, m. 1751.

406 1265 1133 105 L. s. aux conseillers du présidial de Poitiers; Fontainebleau,

370 1336 467 56 3 sept. 1725, 10 p. in-fol.

399 1377 1135 78 Importante lettre sur les contestations des conseillers avec le lieute-

367 1436 407 58 nant général de Poitiers.

302 1487 1244 90 2. ANDELOT (Charles de COLIGNY, marquis d’), fils de l’ami¬

377 1550 1164 88 ral Coligny, qui se convertit au catholicisme, n. 1565,

375 1608 204 69 m. 1632.

401 1638 1148 107 L. s., avec la souscript. aut. aux doyen et chanoines du

375 1720 911 59 chapitre de Chaumont; 9 juin 1617, 1 p. 3/4 in-fol.

406 1772 1133 73 Inéressane lettre où il exprime son étonnemen qu'ils empêchent le

365 1825 906 71 père gardien des Capucins de prêcher dans une église.

311 1874 1243 95 3. ANDRÉ (Yves-Marie), jésuite, célèbre philosophe, ami de

384 1949 1165 76 Malebranche, auteur de l'Essai sur le Beau, n. à Châ¬

379 1996 721 65 teaulin (Finistère), 1675, m. 1764.

416 2052 1135 80 L. a. s. au Père Lelong, de l’Oratoire ; Arras, 29 avril 1720,

377 2115 290 61 2 p. in-8. Rare.

414 2171 1132 65 Très belle lettre d'envoie d'un de ses ouvrages, qu'il le prie d'examiner

372 2212 1179 80 et dans lequel il donne le plan de l'Institut de l'Oratoire, en parlant du

372 2256 651 73 choix qu’en a fait le père Malebranche.
