<?xml version="1.0" encoding="UTF-8"?>
<alto xmlns:xsi="http://www.w3.org/2001/XMLSchema-instance"
      xmlns="http://www.loc.gov/standards/alto/ns-v4#"
      xsi:schemaLocation="http://www.loc.gov/standards/alto/ns-v4# http://www.loc.gov/standards/alto/v4/alto-4-2.xsd">
  <Description>
    <MeasurementUnit>pixel</MeasurementUnit>
    <sourceImageInformation>
      <fileName>CAT_000433.pdf_page_28.png</fileName>
      
    </sourceImageInformation>
  </Description>
  
  <Tags>
    <OtherTag ID="BT3743" LABEL="GraphicZone" DESCRIPTION="block type GraphicZone"/><OtherTag ID="BT3742" LABEL="CustomZone:EntryEnd" DESCRIPTION="block type CustomZone:EntryEnd"/><OtherTag ID="BT3741" LABEL="CustomZone:Entry" DESCRIPTION="block type CustomZone:Entry"/><OtherTag ID="BT3751" LABEL="TitlePageZone" DESCRIPTION="block type TitlePageZone"/><OtherTag ID="BT3749" LABEL="RunningTitleZone" DESCRIPTION="block type RunningTitleZone"/><OtherTag ID="BT3748" LABEL="NumberingZone" DESCRIPTION="block type NumberingZone"/><OtherTag ID="BT3747" LABEL="MarginTextZone" DESCRIPTION="block type MarginTextZone"/><OtherTag ID="BT3746" LABEL="MainZone" DESCRIPTION="block type MainZone"/>
    <OtherTag ID="LT1278" LABEL="HeadingLine" DESCRIPTION="line type HeadingLine"/><OtherTag ID="LT1277" LABEL="DefaultLine" DESCRIPTION="line type DefaultLine"/>
  </Tags>
  
  <Layout>
    <Page WIDTH="1908"
          HEIGHT="2933"
          PHYSICAL_IMG_NR="27"
          ID="eSc_dummypage_">
      <PrintSpace HPOS="0"
                  VPOS="0"
                  WIDTH="1908"
                  HEIGHT="2933">
        
        <TextBlock HPOS="950"
                   VPOS="363"
                   WIDTH="214"
                   HEIGHT="66"
                   ID="eSc_textblock_85c7b4c2"
                   TAGREFS="BT3748">
          <Shape><Polygon POINTS="950 429 950 363 1164 363 1164 429"/></Shape>
          
          
          <TextLine ID="eSc_line_ba4b61c5"
                    TAGREFS="LT1277"
                    BASELINE="973 413 1147 413" 
                    HPOS="973"
                    VPOS="383"
                    WIDTH="174"
                    HEIGHT="52">
            <Shape><Polygon POINTS="1144 395 1120 388 1095 386 1071 386 1046 383 995 383 973 405 973 413 973 425 1144 435 1147 413 1147 405 1144 395"/></Shape>
	    <String CONTENT="— 26 —"
                    HPOS="973"
                    VPOS="383"
                    WIDTH="174"
                    HEIGHT="52"></String>
          </TextLine>

          
        </TextBlock>
        
        <TextBlock HPOS="328"
                   VPOS="432"
                   WIDTH="1422"
                   HEIGHT="1924"
                   ID="eSc_textblock_71a2604d"
                   TAGREFS="BT3746">
          <Shape><Polygon POINTS="1750 451 1704 2356 328 2327 374 432"/></Shape>
          
          
          <TextLine ID="eSc_line_1c6421a7"
                    TAGREFS="LT1277"
                    BASELINE="408 488 1506 508" 
                    HPOS="406"
                    VPOS="449"
                    WIDTH="1100"
                    HEIGHT="83">
            <Shape><Polygon POINTS="1484 466 1460 466 1435 464 1411 464 1386 461 1362 461 1338 461 1313 459 1289 459 1272 457 819 449 799 449 775 449 750 449 726 449 702 449 677 449 653 449 628 449 604 449 579 449 555 449 530 449 506 449 481 449 457 449 432 449 408 457 408 488 406 503 1391 532 1394 532 1504 520 1506 508 1504 466 1484 466"/></Shape>
	    <String CONTENT="127. PHILIPPE II, roi d’Espagne, n. 1527, m. 1598."
                    HPOS="406"
                    VPOS="449"
                    WIDTH="1100"
                    HEIGHT="83"></String>
          </TextLine>

          
          
          <TextLine ID="eSc_line_da642553"
                    TAGREFS="LT1277"
                    BASELINE="577 557 1704 584" 
                    HPOS="574"
                    VPOS="513"
                    WIDTH="1130"
                    HEIGHT="80">
            <Shape><Polygon POINTS="1700 581 1678 552 1653 549 1629 547 1604 545 1580 542 1572 540 577 513 577 557 574 571 1700 593 1704 584 1700 576 1700 581"/></Shape>
	    <String CONTENT="Réponses autographes en marge de deux lettres autographes"
                    HPOS="574"
                    VPOS="513"
                    WIDTH="1130"
                    HEIGHT="80"></String>
          </TextLine>

          
          
          <TextLine ID="eSc_line_ac025778"
                    TAGREFS="LT1277"
                    BASELINE="521 593 1700 630" 
                    HPOS="518"
                    VPOS="552"
                    WIDTH="1182"
                    HEIGHT="105">
            <Shape><Polygon POINTS="1695 606 1673 586 1303 576 1303 576 1301 574 1225 574 1205 574 1196 571 1147 571 1132 571 1108 571 1088 569 1068 569 1059 569 1034 569 1010 569 985 567 961 567 936 567 912 567 887 567 863 564 839 564 814 564 790 564 765 562 741 562 716 562 692 562 667 559 643 559 618 559 594 559 591 552 521 552 521 593 518 608 640 628 1223 630 1245 647 1247 647 1249 647 1252 647 1254 647 1306 635 1541 657 1543 657 1697 645 1700 630 1697 591 1695 606"/></Shape>
	    <String CONTENT="de son célèbre sécrétaire ANTONIO PEREZ; 23 octobre 1576, 4 p."
                    HPOS="518"
                    VPOS="552"
                    WIDTH="1182"
                    HEIGHT="105"></String>
          </TextLine>

          
          
          <TextLine ID="eSc_line_04c6525b"
                    TAGREFS="LT1277"
                    BASELINE="535 642 623 640" 
                    HPOS="533"
                    VPOS="596"
                    WIDTH="90"
                    HEIGHT="66">
            <Shape><Polygon POINTS="535 642 535 662 623 662 623 640 618 601 533 596 535 642"/></Shape>
	    <String CONTENT="in-4."
                    HPOS="533"
                    VPOS="596"
                    WIDTH="90"
                    HEIGHT="66"></String>
          </TextLine>

          
          
          <TextLine ID="eSc_line_4ed901f1"
                    TAGREFS="LT1277"
                    BASELINE="545 703 1083 713 1677 727" 
                    HPOS="540"
                    VPOS="650"
                    WIDTH="1135"
                    HEIGHT="134">
            <Shape><Polygon POINTS="543 701 540 718 772 718 865 735 868 735 870 735 873 735 873 733 890 718 1044 738 1046 738 1049 738 1110 723 1149 747 1152 747 1154 747 1157 747 1159 747 1161 747 1183 733 1208 757 1225 772 1225 774 1227 774 1230 774 1272 784 1274 784 1673 779 1675 725 1673 674 1340 679 543 650 543 701"/></Shape>
	    <String CONTENT="PIÈCES HISTORIQUES où il parle de Juan Escovedo (qu&#39;il devait faire"
                    HPOS="540"
                    VPOS="650"
                    WIDTH="1135"
                    HEIGHT="134"></String>
          </TextLine>

          
          
          <TextLine ID="eSc_line_6e0edb8d"
                    TAGREFS="LT1277"
                    BASELINE="518 738 962 745 1667 762 1677 762" 
                    HPOS="513"
                    VPOS="694"
                    WIDTH="1162"
                    HEIGHT="115">
            <Shape><Polygon POINTS="1494 723 1487 721 1423 721 1421 721 1396 721 1384 718 1340 718 1323 718 1298 718 1279 716 1259 716 1249 716 1225 716 1201 716 1176 713 1152 713 1127 713 1103 713 1078 711 1054 711 1029 711 1005 711 980 711 956 711 931 708 907 708 883 708 858 708 834 708 809 706 785 706 760 706 736 706 711 706 687 706 662 703 638 703 613 703 589 703 565 703 540 701 538 694 516 694 516 735 513 755 902 762 905 765 912 772 929 774 931 787 939 794 941 794 944 794 946 794 1198 789 1453 806 1455 809 1541 809 1541 806 1543 806 1545 806 1585 779 1587 779 1670 779 1675 760 1673 728 1506 723 1494 723"/></Shape>
	    <String CONTENT="poignarder quelques jours plus tard) et des conférences tenues avec"
                    HPOS="513"
                    VPOS="694"
                    WIDTH="1162"
                    HEIGHT="115"></String>
          </TextLine>

          
          
          <TextLine ID="eSc_line_5bcf3ec5"
                    TAGREFS="LT1277"
                    BASELINE="513 772 931 779" 
                    HPOS="511"
                    VPOS="735"
                    WIDTH="420"
                    HEIGHT="66">
            <Shape><Polygon POINTS="929 750 905 747 880 747 856 747 831 747 807 745 782 745 758 745 733 745 709 743 684 743 660 743 636 743 611 740 587 740 562 740 538 740 535 735 513 735 513 772 511 784 927 801 931 779 931 750 929 750"/></Shape>
	    <String CONTENT="l’ambassadeur de Gênes."
                    HPOS="511"
                    VPOS="735"
                    WIDTH="420"
                    HEIGHT="66"></String>
          </TextLine>

          
          
          <TextLine ID="eSc_line_86cec557"
                    TAGREFS="LT1277"
                    BASELINE="401 862 1687 897" 
                    HPOS="398"
                    VPOS="791"
                    WIDTH="1289"
                    HEIGHT="128">
            <Shape><Polygon POINTS="1526 826 1501 823 1477 823 1460 823 1431 828 1421 821 1404 821 1379 821 1355 821 1330 821 1325 809 1125 813 768 791 765 791 763 791 758 791 743 818 719 818 694 818 670 818 645 818 621 818 596 818 572 818 547 818 523 818 499 818 474 818 450 818 425 818 406 843 401 862 398 882 1682 919 1687 897 1685 838 1538 835 1536 833 1526 826 1526 826"/></Shape>
	    <String CONTENT="128. PIGALLE (Jean-Bapliste), illustre sculpteur, n. à Paris,"
                    HPOS="398"
                    VPOS="791"
                    WIDTH="1289"
                    HEIGHT="128"></String>
          </TextLine>

          
          
          <TextLine ID="eSc_line_fb8241d5"
                    TAGREFS="LT1277"
                    BASELINE="528 916 846 921" 
                    HPOS="525"
                    VPOS="872"
                    WIDTH="321"
                    HEIGHT="64">
            <Shape><Polygon POINTS="528 916 525 933 841 936 846 921 843 877 528 872 528 916"/></Shape>
	    <String CONTENT="1714, m. 1785."
                    HPOS="525"
                    VPOS="872"
                    WIDTH="321"
                    HEIGHT="64"></String>
          </TextLine>

          
          
          <TextLine ID="eSc_line_11753771"
                    TAGREFS="LT1277"
                    BASELINE="547 982 1296 993" 
                    HPOS="543"
                    VPOS="926"
                    WIDTH="751"
                    HEIGHT="93">
            <Shape><Polygon POINTS="545 980 543 997 587 1014 589 1014 591 1014 787 1002 817 1002 834 1004 900 1016 902 1019 1291 1019 1294 992 1294 926 545 926 545 980"/></Shape>
	    <String CONTENT="L. s. ; Paris, 3 novembre 1774, 3 p. in-4."
                    HPOS="543"
                    VPOS="926"
                    WIDTH="751"
                    HEIGHT="93"></String>
          </TextLine>

          
          
          <TextLine ID="eSc_line_fdf9b0b7"
                    TAGREFS="LT1277"
                    BASELINE="543 1049 1682 1079" 
                    HPOS="538"
                    VPOS="977"
                    WIDTH="1142"
                    HEIGHT="132">
            <Shape><Polygon POINTS="1005 989 980 987 956 987 931 987 919 987 917 987 914 987 912 987 912 989 905 994 887 1014 831 1014 797 989 795 987 792 987 790 987 753 984 736 984 711 984 704 982 704 984 636 1006 543 977 540 1048 538 1060 985 1072 988 1075 1010 1094 1010 1097 1012 1097 1015 1097 1536 1109 1538 1109 1541 1109 1543 1109 1543 1107 1560 1092 1563 1092 1675 1094 1680 1077 1680 1033 1592 1033 1585 1028 1545 1002 1543 1002 1541 1002 1301 994 1298 994 1296 994 1294 994 1276 1006 1183 994 1181 994 1179 994 1176 994 1161 1006 1142 1019 1039 1019 1022 999 1010 989 1005 989"/></Shape>
	    <String CONTENT="Intéressante lettre relative au tombeau du maréchal de Saxe (son"
                    HPOS="538"
                    VPOS="977"
                    WIDTH="1142"
                    HEIGHT="132"></String>
          </TextLine>

          
          
          <TextLine ID="eSc_line_6fd14456"
                    TAGREFS="LT1277"
                    BASELINE="499 1087 736 1087" 
                    HPOS="499"
                    VPOS="1048"
                    WIDTH="237"
                    HEIGHT="61">
            <Shape><Polygon POINTS="719 1085 694 1050 670 1050 645 1050 636 1048 501 1048 499 1087 499 1099 733 1109 736 1087 731 1082 719 1085"/></Shape>
	    <String CONTENT="chef-d’œuvre)."
                    HPOS="499"
                    VPOS="1048"
                    WIDTH="237"
                    HEIGHT="61"></String>
          </TextLine>

          
          
          <TextLine ID="eSc_line_96ebdafe"
                    TAGREFS="LT1277"
                    BASELINE="391 1163 1685 1192" 
                    HPOS="388"
                    VPOS="1090"
                    WIDTH="1297"
                    HEIGHT="114">
            <Shape><Polygon POINTS="601 1090 503 1097 489 1112 464 1114 440 1116 415 1119 391 1163 388 1185 1680 1204 1685 1192 1685 1134 1528 1131 1526 1129 1509 1114 1506 1114 1504 1114 1501 1114 1413 1126 1411 1126 1406 1126 1323 1109 1320 1109 1318 1109 1289 1121 1245 1104 1242 1104 1240 1104 1100 1114 1071 1102 1068 1102 1066 1102 1064 1102 1061 1102 1061 1104 1049 1114 1029 1099 1027 1099 1024 1099 1022 1099 880 1107 775 1094 772 1094 770 1094 768 1094 750 1107 604 1090 601 1090"/></Shape>
	    <String CONTENT="129. PRÉVOST-PARADOL. (Lucien-Anatole), célèbre publi¬"
                    HPOS="388"
                    VPOS="1090"
                    WIDTH="1297"
                    HEIGHT="114"></String>
          </TextLine>

          
          
          <TextLine ID="eSc_line_5e4ad549"
                    TAGREFS="LT1277"
                    BASELINE="516 1219 1678 1246" 
                    HPOS="513"
                    VPOS="1168"
                    WIDTH="1165"
                    HEIGHT="115">
            <Shape><Polygon POINTS="1668 1197 516 1168 516 1219 513 1236 831 1268 834 1268 1012 1261 1499 1283 1501 1283 1504 1283 1545 1266 1555 1263 1673 1268 1678 1246 1675 1217 1668 1197"/></Shape>
	    <String CONTENT="ciste, membre de l’Académie française, n. à Paris, 1829,"
                    HPOS="513"
                    VPOS="1168"
                    WIDTH="1165"
                    HEIGHT="115"></String>
          </TextLine>

          
          
          <TextLine ID="eSc_line_ebceaaa7"
                    TAGREFS="LT1277"
                    BASELINE="511 1266 704 1270" 
                    HPOS="508"
                    VPOS="1209"
                    WIDTH="196"
                    HEIGHT="76">
            <Shape><Polygon POINTS="682 1224 658 1224 633 1224 609 1222 584 1222 543 1226 516 1209 511 1266 508 1275 699 1285 704 1270 704 1229 692 1224 682 1224"/></Shape>
	    <String CONTENT="m. 1870."
                    HPOS="508"
                    VPOS="1209"
                    WIDTH="196"
                    HEIGHT="76"></String>
          </TextLine>

          
          
          <TextLine ID="eSc_line_7f86863a"
                    TAGREFS="LT1277"
                    BASELINE="543 1336 1196 1349" 
                    HPOS="540"
                    VPOS="1278"
                    WIDTH="656"
                    HEIGHT="90">
            <Shape><Polygon POINTS="958 1295 956 1290 956 1290 954 1290 939 1300 934 1302 919 1300 804 1278 670 1278 667 1278 665 1278 662 1278 638 1297 601 1297 584 1297 584 1295 569 1283 569 1280 567 1280 565 1280 562 1280 560 1280 557 1280 543 1290 543 1336 540 1344 1191 1368 1196 1349 1196 1305 995 1305 990 1300 976 1295 958 1295"/></Shape>
	    <String CONTENT="L. a. s. à M. Foucher, 2 p. 1/4 in-8."
                    HPOS="540"
                    VPOS="1278"
                    WIDTH="656"
                    HEIGHT="90"></String>
          </TextLine>

          
          
          <TextLine ID="eSc_line_f575cc07"
                    TAGREFS="LT1277"
                    BASELINE="525 1398 1679 1426" 
                    HPOS="521"
                    VPOS="1334"
                    WIDTH="1157"
                    HEIGHT="100">
            <Shape><Polygon POINTS="890 1341 865 1341 841 1341 817 1341 792 1339 768 1339 760 1346 743 1358 523 1346 523 1395 521 1405 1673 1434 1678 1424 1675 1349 1575 1358 1558 1346 1550 1341 1548 1341 1545 1341 1252 1334 1249 1334 1247 1334 1245 1334 1230 1346 1201 1371 1142 1351 1139 1351 1137 1351 1135 1351 1132 1351 1105 1368 1037 1356 1034 1356 936 1363 902 1346 892 1341 890 1341"/></Shape>
	    <String CONTENT="Il l&#39;assure que les Débats sont libres de toute influence et principale-"
                    HPOS="521"
                    VPOS="1334"
                    WIDTH="1157"
                    HEIGHT="100"></String>
          </TextLine>

          
          
          <TextLine ID="eSc_line_5464833d"
                    TAGREFS="LT1277"
                    BASELINE="491 1432 1517 1459" 
                    HPOS="486"
                    VPOS="1393"
                    WIDTH="1030"
                    HEIGHT="95">
            <Shape><Polygon POINTS="1492 1424 1467 1424 1443 1424 1418 1424 1394 1422 1369 1422 1345 1422 1320 1420 1296 1420 1272 1420 1247 1417 1223 1417 1198 1417 1174 1417 1149 1415 1125 1415 1100 1415 1076 1412 1051 1412 1027 1412 1002 1410 978 1410 954 1410 929 1410 905 1407 880 1407 856 1407 831 1405 807 1405 782 1405 758 1402 733 1402 709 1402 684 1402 660 1400 636 1400 611 1400 587 1398 562 1398 538 1398 535 1393 489 1393 489 1429 486 1454 582 1471 584 1471 587 1471 628 1459 658 1449 878 1464 985 1468 988 1468 1015 1466 1054 1459 1081 1466 1139 1486 1142 1486 1144 1488 1230 1488 1230 1486 1232 1486 1235 1486 1254 1468 1259 1466 1281 1471 1335 1481 1338 1481 1340 1481 1360 1471 1364 1468 1367 1471 1379 1483 1379 1486 1382 1486 1384 1486 1386 1486 1389 1486 1413 1473 1418 1471 1511 1473 1516 1456 1516 1427 1492 1424"/></Shape>
	    <String CONTENT="ment de celle de M. Guizot, depuis leur guerre contre la fusion."
                    HPOS="486"
                    VPOS="1393"
                    WIDTH="1030"
                    HEIGHT="95"></String>
          </TextLine>

          
          
          <TextLine ID="eSc_line_4f5279e0"
                    TAGREFS="LT1277"
                    BASELINE="381 1512 1668 1547" 
                    HPOS="379"
                    VPOS="1468"
                    WIDTH="1289"
                    HEIGHT="106">
            <Shape><Polygon POINTS="381 1512 379 1530 565 1549 567 1549 569 1549 601 1537 616 1532 631 1537 667 1552 670 1552 672 1552 675 1552 699 1539 706 1537 790 1537 795 1542 807 1554 809 1554 812 1554 814 1554 865 1544 887 1539 902 1544 936 1559 939 1559 941 1559 944 1559 946 1559 966 1547 990 1559 993 1559 995 1559 998 1559 1029 1549 1044 1544 1161 1544 1166 1552 1179 1561 1179 1564 1181 1564 1183 1564 1186 1564 1252 1554 1272 1552 1279 1554 1308 1569 1311 1569 1482 1574 1484 1574 1541 1561 1567 1556 1663 1564 1668 1547 1668 1500 381 1468 381 1512"/></Shape>
	    <String CONTENT="130. PRONY (Gaspard de), célèbre ingénieur et géomètre,"
                    HPOS="379"
                    VPOS="1468"
                    WIDTH="1289"
                    HEIGHT="106"></String>
          </TextLine>

          
          
          <TextLine ID="eSc_line_ad323e2f"
                    TAGREFS="LT1277"
                    BASELINE="503 1566 1323 1588" 
                    HPOS="501"
                    VPOS="1517"
                    WIDTH="822"
                    HEIGHT="91">
            <Shape><Polygon POINTS="1286 1537 1262 1537 1237 1537 1232 1537 1110 1542 1076 1532 1066 1532 1042 1532 1024 1530 1000 1539 914 1527 895 1527 870 1527 846 1527 841 1525 819 1534 817 1534 785 1525 772 1525 748 1525 731 1522 694 1532 687 1532 631 1532 631 1530 618 1520 601 1520 577 1520 569 1517 503 1525 503 1566 501 1578 1318 1608 1323 1588 1323 1547 1308 1537 1286 1537"/></Shape>
	    <String CONTENT="membre de l’Institut, n. 1755, m. 1839."
                    HPOS="501"
                    VPOS="1517"
                    WIDTH="822"
                    HEIGHT="91"></String>
          </TextLine>

          
          
          <TextLine ID="eSc_line_12a269f2"
                    TAGREFS="LT1277"
                    BASELINE="542 1634 1249 1650" 
                    HPOS="538"
                    VPOS="1576"
                    WIDTH="709"
                    HEIGHT="88">
            <Shape><Polygon POINTS="540 1632 538 1654 1242 1664 1247 1649 1245 1591 1147 1603 1122 1588 1120 1588 1117 1588 1115 1588 1095 1588 946 1598 880 1588 841 1581 839 1581 804 1586 765 1593 741 1586 724 1581 721 1581 719 1581 684 1586 653 1591 645 1586 636 1576 633 1576 631 1576 628 1576 540 1583 540 1632"/></Shape>
	    <String CONTENT="P. s. ; 10 octobre 1791, 11 p. 1/2 in-fol."
                    HPOS="538"
                    VPOS="1576"
                    WIDTH="709"
                    HEIGHT="88"></String>
          </TextLine>

          
          
          <TextLine ID="eSc_line_0997ca47"
                    TAGREFS="LT1277"
                    BASELINE="521 1700 1664 1732" 
                    HPOS="516"
                    VPOS="1632"
                    WIDTH="1147"
                    HEIGHT="122">
            <Shape><Polygon POINTS="1132 1647 1093 1657 1068 1662 1061 1654 1056 1647 1054 1647 1054 1644 1037 1644 954 1649 917 1652 831 1644 765 1640 763 1640 755 1637 731 1637 714 1637 689 1637 687 1637 680 1640 653 1649 611 1637 601 1635 591 1635 574 1635 538 1647 523 1632 518 1698 516 1710 550 1725 552 1725 555 1725 557 1725 604 1713 939 1723 951 1735 951 1737 954 1737 956 1737 958 1737 1012 1728 1032 1742 1034 1742 1037 1742 1039 1742 1042 1742 1081 1728 1117 1742 1120 1742 1122 1742 1186 1730 1218 1750 1220 1750 1223 1750 1333 1752 1335 1752 1338 1752 1340 1752 1367 1735 1421 1754 1423 1754 1426 1754 1528 1737 1533 1737 1536 1737 1572 1754 1575 1754 1577 1754 1660 1740 1663 1730 1663 1679 1553 1676 1550 1674 1533 1659 1531 1659 1528 1659 1526 1659 1448 1669 1443 1669 1440 1669 1401 1654 1399 1654 1396 1654 1394 1654 1364 1666 1360 1666 1345 1664 1242 1652 1240 1652 1198 1659 1174 1664 1161 1659 1139 1647 1132 1647"/></Shape>
	    <String CONTENT="Important travail scientifique qui a pour titre: Réflexions sur la carte"
                    HPOS="516"
                    VPOS="1632"
                    WIDTH="1147"
                    HEIGHT="122"></String>
          </TextLine>

          
          
          <TextLine ID="eSc_line_76b0bca6"
                    TAGREFS="LT1277"
                    BASELINE="486 1740 689 1730 873 1732 905 1745" 
                    HPOS="484"
                    VPOS="1703"
                    WIDTH="421"
                    HEIGHT="56">
            <Shape><Polygon POINTS="900 1740 875 1730 851 1706 826 1706 802 1706 777 1706 765 1703 484 1706 486 1740 486 1750 900 1759 905 1745 902 1740 900 1740"/></Shape>
	    <String CONTENT="et le cadastre de la France."
                    HPOS="484"
                    VPOS="1703"
                    WIDTH="421"
                    HEIGHT="56"></String>
          </TextLine>

          
          
          <TextLine ID="eSc_line_cf078518"
                    TAGREFS="LT1277"
                    BASELINE="374 1818 1665 1845" 
                    HPOS="371"
                    VPOS="1754"
                    WIDTH="1294"
                    HEIGHT="113">
            <Shape><Polygon POINTS="374 1811 374 1818 371 1840 1660 1867 1665 1845 1665 1798 1313 1776 1311 1776 1232 1789 1230 1789 1201 1767 1198 1767 1196 1767 1193 1767 1071 1784 1049 1767 1049 1764 1046 1764 1044 1764 983 1764 980 1764 878 1781 848 1759 846 1759 843 1759 680 1757 677 1757 675 1757 650 1769 611 1754 609 1754 606 1754 386 1772 374 1811"/></Shape>
	    <String CONTENT="131. RABBE (Alphonse), célèbre publiciste et historien, auteur"
                    HPOS="371"
                    VPOS="1754"
                    WIDTH="1294"
                    HEIGHT="113"></String>
          </TextLine>

          
          
          <TextLine ID="eSc_line_8ecd2dec"
                    TAGREFS="LT1277"
                    BASELINE="484 1869 1658 1901" 
                    HPOS="481"
                    VPOS="1820"
                    WIDTH="1177"
                    HEIGHT="91">
            <Shape><Polygon POINTS="1658 1857 851 1830 777 1828 753 1828 728 1828 704 1825 680 1825 655 1825 631 1825 606 1823 582 1823 557 1823 533 1823 508 1823 484 1820 484 1869 481 1879 1653 1911 1658 1901 1658 1860 1658 1857"/></Shape>
	    <String CONTENT=" de la Biographie des Contemporains, n. 1786, m. 1830."
                    HPOS="481"
                    VPOS="1820"
                    WIDTH="1177"
                    HEIGHT="91"></String>
          </TextLine>

          
          
          <TextLine ID="eSc_line_4aad60f2"
                    TAGREFS="LT1277"
                    BASELINE="518 1950 623 1943 1528 1962" 
                    HPOS="516"
                    VPOS="1886"
                    WIDTH="1012"
                    HEIGHT="113">
            <Shape><Polygon POINTS="518 1950 516 1977 1523 1999 1528 1962 1528 1921 1298 1918 1286 1911 1259 1901 1257 1901 1254 1901 1203 1908 1188 1911 1183 1908 1174 1899 1171 1899 1169 1899 1166 1899 1110 1906 1064 1911 861 1896 765 1891 763 1891 760 1891 758 1891 755 1894 743 1904 702 1891 689 1889 687 1889 684 1889 662 1891 569 1901 518 1886 518 1950"/></Shape>
	    <String CONTENT="L. a. s. à Abel Hugo ; dimanche 1e décembre, 2 p. in-8."
                    HPOS="516"
                    VPOS="1886"
                    WIDTH="1012"
                    HEIGHT="113"></String>
          </TextLine>

          
          
          <TextLine ID="eSc_line_81595f9a"
                    TAGREFS="LT1277"
                    BASELINE="511 2001 1653 2028" 
                    HPOS="508"
                    VPOS="1962"
                    WIDTH="1145"
                    HEIGHT="81">
            <Shape><Polygon POINTS="1641 1987 511 1962 511 2001 508 2013 1648 2043 1653 2028 1651 2006 1641 1987"/></Shape>
	    <String CONTENT="Curieuse épître confidentielle où il déclare être étranger à un article"
                    HPOS="508"
                    VPOS="1962"
                    WIDTH="1145"
                    HEIGHT="81"></String>
          </TextLine>

          
          
          <TextLine ID="eSc_line_86837d56"
                    TAGREFS="LT1277"
                    BASELINE="474 2038 1648 2065" 
                    HPOS="472"
                    VPOS="2001"
                    WIDTH="1176"
                    HEIGHT="74">
            <Shape><Polygon POINTS="743 2009 719 2009 709 2006 653 2006 645 2006 621 2006 606 2004 562 2004 547 2004 523 2004 521 2001 477 2001 474 2021 474 2038 472 2050 1643 2075 1648 2065 1648 2033 743 2009 743 2009"/></Shape>
	    <String CONTENT="de l’Album où on attaque Victor Hugo, « dont je fais profession d’hono¬"
                    HPOS="472"
                    VPOS="2001"
                    WIDTH="1176"
                    HEIGHT="74"></String>
          </TextLine>

          
          
          <TextLine ID="eSc_line_5ea42853"
                    TAGREFS="LT1277"
                    BASELINE="469 2077 1646 2104" 
                    HPOS="467"
                    VPOS="2033"
                    WIDTH="1179"
                    HEIGHT="86">
            <Shape><Polygon POINTS="1643 2065 1619 2065 1594 2065 1570 2065 1545 2065 1521 2062 1497 2062 1472 2062 1448 2062 1423 2060 1399 2060 1374 2060 1350 2060 1325 2057 1301 2057 1276 2057 1252 2057 1227 2057 1203 2055 1179 2055 1154 2055 1130 2055 1105 2053 1081 2053 1056 2053 1032 2053 1007 2053 983 2050 958 2050 934 2050 909 2050 885 2048 861 2048 836 2048 812 2048 787 2045 763 2045 738 2045 714 2045 689 2045 665 2043 640 2043 616 2043 591 2043 567 2040 543 2040 518 2040 494 2040 474 2033 469 2033 469 2077 467 2099 1641 2119 1646 2104 1643 2065 1643 2065"/></Shape>
	    <String CONTENT="rer le beau talent, quoique d’ailleurs mes opinions soient si différentes"
                    HPOS="467"
                    VPOS="2033"
                    WIDTH="1179"
                    HEIGHT="86"></String>
          </TextLine>

          
          
          <TextLine ID="eSc_line_e81ea95d"
                    TAGREFS="LT1277"
                    BASELINE="474 2109 702 2114" 
                    HPOS="472"
                    VPOS="2079"
                    WIDTH="230"
                    HEIGHT="52">
            <Shape><Polygon POINTS="694 2084 670 2082 645 2082 621 2082 596 2082 572 2079 547 2079 523 2079 499 2079 474 2079 474 2109 472 2128 697 2131 702 2114 699 2084 694 2084"/></Shape>
	    <String CONTENT="des siennes. »"
                    HPOS="472"
                    VPOS="2079"
                    WIDTH="230"
                    HEIGHT="52"></String>
          </TextLine>

          
          
          <TextLine ID="eSc_line_99442c4b"
                    TAGREFS="LT1277"
                    BASELINE="362 2189 1653 2224" 
                    HPOS="359"
                    VPOS="2131"
                    WIDTH="1294"
                    HEIGHT="115">
            <Shape><Polygon POINTS="410 2133 386 2145 362 2163 362 2189 359 2199 714 2207 724 2209 821 2226 1511 2231 1558 2246 1560 2246 1563 2246 1651 2231 1653 2224 1651 2165 1565 2175 1477 2160 1448 2158 1445 2158 1443 2158 1431 2160 1394 2170 1386 2160 1384 2160 1384 2158 1382 2158 1379 2158 1377 2158 1364 2160 1328 2167 1303 2158 1286 2153 1284 2153 1281 2153 1279 2153 1276 2153 1272 2158 1262 2165 1203 2158 1147 2150 1144 2150 1142 2150 1130 2155 1115 2163 1066 2155 1000 2145 998 2145 949 2153 919 2158 912 2153 897 2143 895 2143 892 2143 890 2143 846 2153 824 2155 741 2150 489 2133 486 2133 484 2133 454 2145 420 2131 418 2131 415 2131 410 2133"/></Shape>
	    <String CONTENT="132. RAKOCZY (François), prince de Transylvanie, vaincu par"
                    HPOS="359"
                    VPOS="2131"
                    WIDTH="1294"
                    HEIGHT="115"></String>
          </TextLine>

          
          
          <TextLine ID="eSc_line_65e7e2d2"
                    TAGREFS="LT1277"
                    BASELINE="474 2248 1643 2275" 
                    HPOS="472"
                    VPOS="2194"
                    WIDTH="1171"
                    HEIGHT="103">
            <Shape><Polygon POINTS="1575 2224 1572 2221 1541 2221 1526 2221 1501 2221 1477 2221 1453 2219 1428 2219 1404 2219 1379 2219 1355 2216 1347 2221 1338 2216 1330 2216 1306 2216 1281 2214 1272 2214 1247 2219 1227 2214 1208 2214 1183 2211 1159 2211 1135 2211 1110 2216 1051 2209 1037 2209 1012 2209 988 2207 963 2207 956 2211 812 2211 802 2202 792 2202 768 2202 743 2202 719 2199 694 2199 670 2199 645 2199 621 2197 596 2197 572 2197 547 2197 523 2194 499 2194 474 2194 474 2248 472 2265 807 2287 1638 2297 1643 2275 1641 2229 1575 2224 1575 2224"/></Shape>
	    <String CONTENT="les Autrichiens, auteur de l&#39;Officium Racoczianum,"
                    HPOS="472"
                    VPOS="2194"
                    WIDTH="1171"
                    HEIGHT="103"></String>
          </TextLine>

          
          
          <TextLine ID="eSc_line_4a168afe"
                    TAGREFS="LT1277"
                    BASELINE="474 2297 678 2303" 
                    HPOS="469"
                    VPOS="2248"
                    WIDTH="208"
                    HEIGHT="78">
            <Shape><Polygon POINTS="472 2295 469 2326 675 2314 677 2302 675 2258 472 2248 472 2295"/></Shape>
	    <String CONTENT="m. 1676."
                    HPOS="469"
                    VPOS="2248"
                    WIDTH="208"
                    HEIGHT="78"></String>
          </TextLine>

          
        </TextBlock>
        
        <TextBlock HPOS="374"
                   VPOS="1109"
                   WIDTH="1320"
                   HEIGHT="372"
                   ID="eSc_textblock_3c3bd667"
                   TAGREFS="BT3741">
          <Shape><Polygon POINTS="374 1109 386 1442 1689 1481 1694 1136"/></Shape>
          
        </TextBlock>
        
        <TextBlock HPOS="360"
                   VPOS="1479"
                   WIDTH="1320"
                   HEIGHT="281"
                   ID="eSc_textblock_5e7b30f5"
                   TAGREFS="BT3741">
          <Shape><Polygon POINTS="360 1479 362 1739 1678 1760 1680 1508"/></Shape>
          
        </TextBlock>
        
        <TextBlock HPOS="399"
                   VPOS="448"
                   WIDTH="1319"
                   HEIGHT="341"
                   ID="eSc_textblock_fc910524"
                   TAGREFS="BT3741">
          <Shape><Polygon POINTS="399 448 399 789 1718 789 1718 465"/></Shape>
          
        </TextBlock>
        
        <TextBlock HPOS="352"
                   VPOS="2159"
                   WIDTH="1311"
                   HEIGHT="163"
                   ID="eSc_textblock_5761b5c7"
                   TAGREFS="BT3741">
          <Shape><Polygon POINTS="352 2159 354 2307 1663 2322 1663 2176"/></Shape>
          
        </TextBlock>
        
        <TextBlock HPOS="357"
                   VPOS="1783"
                   WIDTH="1313"
                   HEIGHT="359"
                   ID="eSc_textblock_d0868e5c"
                   TAGREFS="BT3741">
          <Shape><Polygon POINTS="357 1783 367 2118 1667 2142 1670 1810"/></Shape>
          
        </TextBlock>
        
        <TextBlock HPOS="399"
                   VPOS="823"
                   WIDTH="1302"
                   HEIGHT="296"
                   ID="eSc_textblock_fe34f723"
                   TAGREFS="BT3741">
          <Shape><Polygon POINTS="399 823 411 1092 1692 1119 1701 849"/></Shape>
          
        </TextBlock>
        

        
      </PrintSpace>
    </Page>
  </Layout>
</alto>
