1833 2921
929 340 176 73 — 18 —

408 438 1266 61 193. PFEFFEL (Chrétien-Frédéric), célèbre historien et publi¬

506 481 1166 78 ciste, attaché au ministère des affaires étrangères sous

511 528 840 95 Vergennes, n. à Colmar, 1726, m. 1807.

542 610 938 95 L. a. s.; Dresde, 21 nov. 1730, 3 p. in-4. Belle lettre.

408 681 1081 93 94. PHILIPPE V, roi d’Espagne, n. 1683, m. 1746.

545 757 1134 82 L. a. s. à l’électeur de Bavière; Madrid, 16 décembre 1706, 1 p.

506 825 465 63 in-4, enveloppe et cachet.

533 854 1144 95 Très belle lettre où il mande qu’il a besoin de vingt hommes choisis

499 920 1175 60 pour compléter sa compagnie des gardes du corps wallons. « Vous me

496 954 1181 68 ferez plaisir de les tirer de la cavallerie de la mesme nation qui est sous

501 1005 221 51 vos ordres. »

418 1061 1264 97 95. PIE VII, pape, détrôné par Napoléon Ier, n. 1742,

516 1134 202 70 m. 1823.

547 1187 1105 83 L. s. ; Venise, 12 avril 1800, 3/4 de p. in-fol. Légères taches.

421 1270 1268 98 96. PILATRE DE ROZIER (Jean-François), célèbre aéro¬

518 1336 1054 73 naute, n. à Metz, 1756, mort par accident en 1785.

555 1411 688 73 L. a. s. ; 5 avril 1783, 1 p. in-4. Rare.

542 1448 1152 119 Très belle lettre où il l'invite à assister à ses expériences sur les fluides

503 1538 202 49 aériformes.

423 1611 1268 73 97. PINO (Dominique, comte), célèbre général italien au ser¬

520 1664 1171 64 vice de la France, ministre de la guerre du royaume

518 1713 555 98 d’Italie, n. 1760, m. 1826.

562 1786 1134 78 L. a. s. à Napoléon Ier; Paris, 28 messidor an XII, 1 p. 3/4

518 1837 316 61 in-fol., tête impr.

537 1854 1157 120 Superbe lettre où il le remercie de l'argent qu'il lui a accordé pour

513 1935 803 65 payer ses dépenses et où il proteste de sa fidélité.

423 2003 1268 90 98. PONSARD (François), célèbre poète dramatique, mem¬

525 2061 984 95 bre de l'Académie française, n. 1814, m. 1867.

562 2146 672 73 L. a. s. à un confrère, 1 p. 1/2 in-8.

557 2200 1137 131 Très jolie lettre où il s'excuse de ne pas lui avoir envoyé une stalle

511 2256 866 71 pour la première représentation d'une de ses pièces.
