1917 2925
960 382 169 76 — 22 —

519 433 1168 120 illustre général républicain et maréchal de l’Empire,

514 514 395 66 n. 1758, m. 1817.

551 575 1134 92 L. s. à l’administration centrale du département de la Manche;

519 633 1090 76 Leutzbourg, 12 messidor an VII, 3 p. in-fol., vig. et tête impr.

539 687 1148 71 PIÈCE HISTORIQUE où il leur demande de fournir des approvisionnements

502 721 1180 83 pour l’armée du Danube. « L’amour de la patrie, l’intérèt général, celui

495 765 1187 73 de vos administrés, le salut de vos frères combattant pour la liberté et

504 804 1176 63 la défense de vos foyers, me répondent, citoyens administrateurs, de

504 843 1178 63 l’efficacité de vos efforts et sont un véhicule trop puissant pour que je

502 877 1146 66 puisse douter de votre empressement à satisfaire à mon invitation. »

397 928 1280 100 107. MAUREPAS (Jean-Frédérie PHELYPEAUX, comte de),

512 994 1163 95 célèbre ministre de Louis XV et de Louis XVI, n. 1701,

517 1043 192 68 m. 1781.

539 1109 858 100 35 L. s. à M. de Marville; 1740-1745, 40 p. in-4.

521 1177 1149 78 TRÈS INTÉRESSANTE CORRESPONDANCE où il donne de curieux renseigne-

502 1218 1171 71 ments sur Paris. Il y parle de la crue de la Seine, des approvisionne¬

502 1260 1171 58 ments de la capitale, de la fête du Roi, du curé de Saint-André-des-

502 1294 1175 88 Arts, d’une assemblée de francs-macons, du Théatre-Francais, du bal

499 1330 252 56 de la ville, etc.

390 1391 1285 88 108. MAZEAS (Guillaume), littérateur et savant, correspon¬

509 1455 1161 80 dant de l’Académie des sciences, n. à Landernau, 1712,

507 1503 200 93 m. 1776.

539 1572 1138 85 L. a. s. au duc de La Vallière; Vannes, 2 juin 1767, 1 p. 1/2

504 1613 444 56 in-4, cachet. Belle pièce.

385 1672 1292 95 109. MÉDICIS (Leonora de), duchesse de Mantoue, sœur de la

495 1742 1036 73 reine Marie de Médicis, femme du duc Vincent Ier.

539 1794 1129 97 L. a. s. à sa sœur Marie de Médicis; Porto, 17 juin 1610, 1 p.

502 1847 293 83 in-fol., cachet.

529 1911 1139 85 Superbe lettre de condoléances sur l'assassinat de son beau-frère le

490 1959 219 51 roi Henri IV.

378 2015 1290 95 110. MESMER (Antoine), le créateur de la doctrine du ma¬

499 2086 742 73 gnétisme animal, n. 1733, m. 1815.

524 2140 695 87 P. s. ; Paris, 28 févr. 1787, 1 p. in-fol.

519 2208 1144 71 Patente de membre de la Société de l'Harmonie de France, fondée par

487 2240 1173 95 Mesmer. Elle perte aussi les signatures de Delavigne (député de Paris à

482 2279 988 85 la Constituante) et du marquis de Gouy d’Arsy (constituant).
