1925 2908
819 392 175 49 — 15 —

383 465 1171 65 ont été rongés par les rats, et plusieurs lignes sont incom¬

385 518 131 58 plètes.

404 557 1140 77 PRÉCIEUSE LETTRE sur les négociations du mariage de son fils (Henri IV)

375 596 1176 75 avec Marguerite, fille de Catherine de Médicis. Jeanne d’Albret rapporte

375 637 1174 65 toutes les difficultés qui sont soulevées, et notamment celle provenant

375 671 1176 68 de la religion. Elle ne tient pas à ce que son fils se rende à la cour avant

375 710 1174 70 que tout soit bien convenu, « et encore s’il fault qu’il espouse par procu¬

375 743 1179 68 reur, comme il s’en pansse, il ne bougera de là qu’il ne vienne faire,

375 780 1179 73 l’offise qui ne se faict point par procureur. » Elle s’indigne des mœurs

375 816 1176 63 de la cour. Le roi (Charles IX) fait l’amour extrêmement, mais de ma¬

375 850 1179 70 nière qu’il pense que personne n’en sait rien. « C'est qu’il a fait loger sa

378 886 1176 63 metresse mademoyselle Datrie en une chambre à part où il va de son

378 920 1178 71 cabinet, et est sur les neuf heures ou dix heures du soir. Il feinct.

378 957 1176 68 d’aller escrire en ung livre qu’il compose et va là ou il demeure quel¬

383 993 1168 65 que foys jusques à une heure après minuit. L’on dit qu’il fera la diete.

383 1025 1173 72 mais que ce n’est pas pour avoir plus de liberté d’aller la. C’est pitié

383 1066 1173 65 que de ceste court. Je m’i fache extrêmement... Quant à la beauté de

383 1100 1173 68 Madame (sa future belle-fille Marguerite), j’avoue qu’elle est de belle

383 1134 1175 65 taille, mais aussy elle se serre extrémement. Quant au vysage, c’est

383 1172 1173 71 avec tant d’aide que cela me fache, car elle s’en guastera, mais en ceste

383 1206 1175 71 cour le fait est presque commun comme en Espaigne. Vous ne sauriés

383 1243 1173 65 croire comme ma fille (Catherine) est jolie parmi ceste court, car chacun

387 1277 1169 70 la saisit de sa religion; elle leur faict teste et ne se rend nullement;

387 1327 393 54 tout le monde l’ayme. »

307 1395 1261 83 71. JOUFFROY (François-Dorothée, marquis de), célèbre.

395 1449 1168 82 mécanicien, un des inventeurs des bateaux à vapeur,

400 1509 380 68 n. 1751, m. 1832.

441 1558 1127 87 L. a. s. à M. Dat; Bercy, 5 nov. 1816, 2 p. 1/2 in-4. (Coll. A.

404 1630 129 68 Bovet.)

424 1667 1151 111 Intéressante lettre toute relative à la construction de ses bateaux à

397 1739 126 54 vapeur.

310 1788 1261 104 72. JOYEUSE (Anne, duc de), un des mignons de Henri III,

407 1849 1166 79 amiral de France, n. 1561, tué à la bataille de Coutras

407 1914 412 70 e 20 octobre 1587.

450 1953 1130 114 P. s., sur vélin; Paris, 8 sept. 1587, 1/2 p. in-4 oblong, cachet.

404 2038 146 65 Jaunie.

315 2122 1256 71 73. JOYEUSE (Henri de) frère du précédent, capucin sous

414 2164 1154 77 le nom de frère Ange, capitaine de la ligue, maréchal de

412 2214 1159 139 France après sa réconciliation avec Henri VI, n. 1567,

404 2275 199 80 m. 1608.
