1917 2912
979 429 160 80 AVIS

546 543 1101 56 Il y aura, le 16 janvier 1890, exposition publique des pièces,

468 587 1176 60 de deux à quatre heures du soir, Hôtel des Commissaires-Priseurs,

464 628 179 70 Salle n° 4.

549 660 1052 84 Les pièces seront visibles chez l’expert huit jours à l’avance.

551 730 751 51 L’authenticité des autographes est garantie.

549 742 1100 85 Huit jours sont accordés pour la vérification des pièces; passé

471 817 780 54 ce délai, aucune réclamation ne sera admise.

549 859 1098 63 Les acquéreurs payeront cinq pour cent en sus du prix d’adjudi¬

464 895 131 68 cation.

549 939 1098 85 M. ÉTIENNE CHARAVAY, archiviste paléographe, chargé de la

466 1004 1052 78 vente, remplira les commissions qu’on voudra bien lui confier.

784 1155 542 68 EN DISTRIBUTION :

539 1227 1098 66 Catalogue d’une précieuse collection de lettres autographes,

461 1271 719 58 dont la vente aura lieu le 20 janvier 1890.

787 1426 527 71 EN PRÉPARATION :

544 1497 811 70 Catalogues des Collections DUBRUNFAUT, etc.

852 1659 384 73 EN VENTE :

466 1747 1171 56 TRAITÉ PRATIQUE DE GRAPHOLOGIE, étude du caractère de l’homme

498 1786 1137 55 d’après son écriture, par J. CRÉPIEUX-JAMIN. 1 vol. in-18 de

500 1829 1137 56 268 pages........................ 3 fr. 50

539 1870 1098 61 Ce volume, orné de 179 figures, doit faire partie de la biblio¬

459 1919 617 61 thèque des amateurs d’autographes.

461 1965 1174 61 LETTRES AUTOGRAPHES COMPOSANT LA COLLECTION DE M. ALFRED

502 2011 1130 58 BOVET, décrites par Érienne CHARAVAY, ouvrage imprimé sous

500 2050 1130 63 la direction de FERNAND CALMETTES. 1 vol. grand in-4°, de

500 2094 1130 58 1,000 pages, imprimé sur papier de luxe, avec encadrement rouge

493 2137 1134 63 à chaque page.............................. 150 fr.

539 2184 1088 58 Ce volume exceptionnel est à la fois un précieux ouvrage histo¬

456 2227 1174 58 rique et un chef-d’œuvre de la typographie française. La collection

459 2268 1168 54 de M. Alfred Bovet est justement célèbre, et son inventaire est un

461 2305 1166 58 véritable modèle du genre. Ce livre est orné de 49 héliogravures

456 2346 1171 58 hors texte et de 2,000 fac-similés dans le texte. C’est un guide

459 2387 1171 59 indispensable à tout amateur d’autographes et un album des plus

454 2429 1127 77 curieux que tout bibliophile voudra avoir sur la table de son salon.
