1875 2921
742 368 173 70 — 11 —

214 467 1261 66 53. LAMARTINE (Alphonse de), l’illustre poète, n. 1790,

306 516 193 58 m. 1869.

348 589 1132 60 A Madame la baronne Capecelatro, en réponse à ses vers, pièce

304 628 1035 65 de vers aut. sig. ; Ischia, 6 septembre 1844, 1 p. 1/4 in-4.

326 681 774 76 SUPERBE PIÈCE, dont voici la première strophe :

416 742 747 56 « Il est doux d’aspirer, en abordant la grève,

416 778 772 56 « Le parfum que la brise apporte à l’étranger ;

416 813 786 55 « Et de sentir les fleurs que son haleine enlève

418 851 780 73 « Pleuvoir sur votre front du haut de l’oranger. »

209 905 1269 95 54. LANGERON (Andrault, comte de), célèbre général fran¬

311 983 1167 83 çais au service de la Russie, qui se signala dans les

309 1036 808 66 guerres de l’Empire, n. 1763, m. 1831.

338 1090 1137 90 L. a. s. au comte... ; Dubno, 26 mars 1815, 1 p. 3/4 in-4. Très

301 1148 210 64 belle lettre.

211 1200 1262 87 55. LANUSSE (François), célèbre général de l’armée

304 1282 1169 66 d’Égypte, n. à Habas (Landes), 1772, blessé mortelle¬

304 1331 782 68 ment à la bataille de Canope en 1801.

338 1392 1132 102 L. a. s. au général VIAL; Menouf, 17 fructidor an VIl, 1 p. in-

299 1438 178 63 fol. Rare.

326 1475 1144 87 PIÈCE HISORIQUE, du il lui mande que rien n’est plus sûr que le départ

289 1540 1181 61 du général Bonaparte pour la France. « Ses généraux Marmont, Murat

289 1579 1179 56 et Lannes sont partis avec lui; je leur souhaite à tous beaucoup de bon¬

289 1618 1176 51 heur. Quand le général Bonaparte a passé à Menouf, il ne m’a pas du

289 1652 1176 54 tout parlé de son voyage; mais dans les soins qu’il a pris à me faire

289 1684 1174 56 croire qu’il ne partait pas, j’ai cru découvrir le contraire. Encore une

289 1716 1176 60 fois je lui souhaite prospérité et bon voyage, et j’espère que nous appren¬

289 1757 658 71 drons facilement à nous passer de lui. »

204 1811 1261 90 56. LA PORTE (Pierre de), confident d’Anne d’Autriche,

304 1876 1161 90 valet de chambre de Louis XIV, auteur de Mémoires,

301 1930 375 68 n. 1603, m. 1680.

326 1986 777 97 P. s. ; Paris, 13 juin 1665, 3/4 de p. in-fol.

316 2056 1145 76 Il déclare qu’une pièce de terre, sise rue Notre-Dame-des-Victoires,

287 2098 1178 75 appartient à Thomas Gobert, architecte des bâtiments du Roi, qui a aussi

284 2144 239 68 signé la pièce.

202 2202 1268 112 57. LAPRADE (Victor de), célebre poète, membre de l’Aca¬

301 2261 726 102 démie française, n. 1812, m. 1883.
