1946 2912
828 373 151 73 — 5 —

386 453 1171 100 ment provisoire de la Grèce en 1827, n. 1776, assassiné

388 519 192 58 en 1831.

425 587 1134 65 L. a. s., en français, à Louis-Philippe; Nauplie, 8-20 septem¬

386 635 554 63 bre 1830, 1 p. in-4, enveloppe.

410 647 1149 102 Superbe lettre de créance pour le prince Soutzo. « Les bienfaits dont

376 730 1178 58 la France a comblé ce pays lui donnent la mesure de ceux qu’il doit es¬

378 769 1179 68 pérer dans ce moment décisif de la haute sagesse et de la bienveillance

378 820 321 43 de votre Majesté. »

296 883 1268 70 21. CASANOVA (François), célèbre peintre et graveur, frère

391 939 1086 68 du fameux aventurier, n. à Londres, 1727, m. 1805.

432 997 1132 102 L. a. s. à M. Desnouelle; (23 juillet 1779), 1 p. 1/2 in-4. Jolie

393 1058 114 58 lettre.

298 1108 1269 93 22. CATHERINE DE FOIX, reine de Navarre, grand’mère.

396 1189 609 63 de Jeanne d’Albret, m. 1507.

427 1254 1132 70 L. s., avec la souscript. aut., à son beau-père Alain ; 1er août,

396 1303 281 55 1 p. in-4. Rare.

417 1344 1145 75 Superbe lettre où elle l’entretient de ses enfants et du projet qu’a le

393 1397 1159 63 roi de France de demander le passage à travers le royaume de Navarre

301 1456 1263 106 23. CATHERINE OPALINSKA, reine de Pologne, femme de

396 1536 1119 80 Stanislas Leczinski, belle-mère de Louis XV, m. 1747.

432 1589 1037 82 L. a. s., en francais ; Chambord, 8 nov. 1729, 1/2 p. in-4.

417 1654 1145 78 Remerciements de l'envoi d’un ouvrage qui lui est très utile « pour

386 1708 1181 68 m’animer à mes devoirs envers nostre souverain maistre, que j’exerce

388 1754 190 53 très mal ».

306 1810 1261 97 24. CAUMONT LA FORCE (Jacques-Nompar, duc de), maré¬

398 1883 1166 68 chal de France, auteur de Mémoires, n. 1558, m. 1652.

439 1941 1130 85 L. a. s. au cardinal de Richelieu; camp devant La Motte,

398 1997 649 80 12 juin (1634), 2 p. in-fol., cachets.

430 2055 1134 65 Suberbe lettre. Il lui envoie des dépêches saisies sur un courrier

381 2105 1200 52 ennemi par M. de Vaubecourt. Il prie le cardinal de l'avertir si ces dé¬

391 2137 814 63 pêches révélaient des desseins contre son armée.

310 2181 1261 100 23. CHARLES VII, empereur d’Allemagne, adversaire de la

403 2264 874 87 grande Marie-Thérèse, n. 1697, m. 1745,
