1904 2912
366 485 1137 73 L. a. s. au général Vignolle; Doftzyl, 12 frimaire an XIII, 2 p.

330 519 350 82 1/2 in-4, tête impr.

342 587 1158 70 Intéressante lettre sur l’arrestation d’un bâtiment chargé de mar¬

318 633 340 51 chandises anglaises.

233 708 1270 68 32. DESSALINES (Jean-Jacques), fameux général noir, lieu¬

330 766 1170 73 tenant de Toussaint Louverture, empereur d’Haïti, sous

327 810 1054 83 le nom de Jacques Ier, n. 1760, assassiné en 1806.

357 880 939 63 L. s. ; 13 brumaire an IX, 1 p. in-4, téte impr. Rare.

230 970 1268 75 33. DUMAS (Alexandre), célèbre général républicain, sur¬

325 1026 1173 78 nommé l'Horatius Coclès du Tyrol, père du célèbre ro¬

327 1084 576 58 mancier, n. 1762, m. 1806.

361 1123 1137 97 L. a. s. à Petiet; Villers-Cotterets, 11 prairial an IV, 1 p. 1/2

320 1186 284 63 in-4. Très rare.

347 1225 1148 87 Superbe lettre où il lui mande qu’il s'était retiré à Villers-Cotterets

310 1293 1183 61 pour raison de santé. « Actuellement qu'elle est parfaitement rétablie et

315 1332 1176 58 que je me trouve en état de reprendre l’activité la plus rigoureuse, je

318 1366 1173 56 vous écris pour vous demander mon envoy aux armées. Vous devés

310 1402 1183 56 assés me connoitre pour croire que je ne supporterais pas sans rougir

313 1439 1180 58 une plus longue inaction, tandis que nos troupes et nos généraux se

313 1470 347 53 couvrent de gloire. »

225 1538 1266 92 34. DUMOURIEZ (Charles-François), célèbre général, qui

318 1606 1175 85 s’illustra par la campagne de l’Argonne, mais trahit en¬

318 1652 692 78 suite sa patrie, n. 1739, m. 1823.

352 1705 1131 85 3 l. a. s. de son initiale à M. Savalelte de Fortais, à Paris ;

318 1759 1165 87 18 septembre, 28 octobre et 9 novembre 1815, 3 p. in-4. (Coll.

325 1807 187 78 Villenave).

344 1863 1139 75 TRÈS CURIEUSES ÉPITRES POLITIQUES. Il fait le plus sombre tableau de

306 1902 1177 70 l’état de la France. Le roi est entouré d’intrigants et d’incapables. Les.

308 1946 1170 60 bons citoyens gémissent, se cachent ou fuient, comme le duc de Riche¬

303 1980 1176 65 lieu. Il faut changer le ministère et prendre des hommes vertueux et

310 2014 1166 63 d’un grand caractère, « bien préférables aux grands talents qu’on sup¬

313 2052 1163 64 pose aux hommes que l’impudence et les crimes ont conduits aux

308 2086 1163 71 dignités, à la richesse, et dont le malheureux roi se trouve entouré,

306 2120 1165 66 mêlés par un amalgame contre nature avec de vieux émigrés incapa¬

306 2157 1163 60 bles. » — Il trouve que le zèle de la Chambre des représentants dégé¬

306 2196 1168 60 nère en une faction ultra-royaliste. Les pires ennemis du roi sont dans

303 2227 1166 71 sa famille. « Je n’ai vu qu’une fois le duc d’Orléans depuis son retour. Il

306 2266 1163 66 m’a dit que son voyage est d’accord avec le Roi, qui l’avait approuvé,

306 2298 1163 87 vu l'état avancé de la grossesse de son épouse. » — Les alliés se retirent

774 405 151 68 — 7 —
