1896 2912
745 330 179 72 — 31 —

310 427 1173 63 vaincre. Cependant il ne faut pas nous dissimuler que la société est

310 456 1170 70 profondément atteinte et qu’une guerre sourde a été fomentée par

310 495 1168 67 une partie de la presse contre toutes les classes. Je ne sais pas

310 529 1173 67 encore si le tems seul suffira pour guérir de tels maux... » Un de ses

310 562 1173 73 premiers soins sera de constater par des saisies d’hommes ou de

310 599 1175 68 papiers le vaste complot qui était lié dans toutes les parties de la

315 635 1168 68 France. Il faut empêcher les associations de renaître. Il croit, d’ailleurs,

310 674 1170 68 qu'elles se disloqueront peu à peu et se réduiront à des réunions clan-

310 703 1173 71 destines. « J'approuve votre projet de fermer les cercles ou caffés où l’on

313 737 1172 75 prêche ouvertement la République. Ce sera une première exécution qui

313 776 1172 66 fera bon effet. Désignez-moi tous les fonctionnaires qui ont pactisé avec

315 810 1170 68 les ennemis de l’ordre public. Je les ferai immoler, parce que je n’ad¬

318 846 1170 71 mettrai jamais pour mon compte le scandale de fonctionnaires en hos¬

318 883 1170 70 tilité ouverte avec le gouvernement qu’ils doivent servir. » Il parle

318 917 1170 70 ensuite des élections prochaines et de sa candidature dans les Bouches-

318 953 1172 73 du-Rhône. Il tient à faire à Marseille de beaux cadeaux. Il vient d’ache¬

320 990 1168 65 ter le tableau capital de Gudin, l’incendie du Kent en pleine mer.

318 1024 1172 84 « J’en disposerai peut-être pour Marseille, Dites-moi si ca ferait plaisir. »

213 1140 520 63 155. THIERS (Adolphe).

366 1179 925 95 L. a. s. à M. Berger ; 17 juillet 1851, 3/4 de p. in-8.

218 1286 1277 87 156. TOEKOELY (Émeric, comte de), prince de Transylvanie,

335 1344 1165 75 illustre général hongrois, adversaire des Autrichiens et

335 1390 1165 87 allié du sultan, qui le créa prince de Widdin, n. 1656,

339 1463 202 58 m. 1705.

376 1504 1124 83 L. s., en latin, au syndic de Schemnitz; 30 juillet 1684,1 p.in-fol.,

337 1567 583 61 cachet très bien conservé. Rare.

359 1611 772 80 Pièce historique sur les événements militaires.

225 1718 1287 72 157. VILLEROY (Nicolas de NEUFVILLE, duc de), maréchal de

349 1764 1090 80 France, gouverneur de Louis XIV, n. 1598, m. 1685.

381 1836 706 76 P. s., sur vélin; 1668, 1 p. in-4 oblong.

364 1897 1146 88 Recu de 1,500 livres pour ses appointements de maréchal de France.

228 1987 1277 102 158. VINTIMILLE (Charles-Gaspard (de) archevêque d'Aix,

354 2052 709 85 puis de Paris, n. 1655, m. 1746.

385 2128 1134 70 L. a. s., comme archevêque d’Aix ; Fontainebleau, 19 septembre.

349 2184 282 63 1713, 5 p. in-4.

371 2217 1044 100 Importante lettre sur les jésuites et la Constitntion Unigenitus.
