1871 2892
388 489 868 62 93. RENAN (Ernest), le grand écrivain.)

525 535 1003 84 L. a. s. à Louis Ulhach; Paris, 15 juillet 1863, 1 p. in-8.

508 597 1150 75 Belle lettre où il le remercie de l’approbation qu’il a donnée à sa Vie

467 648 155 53 (de Jésus.

383 708 670 89 194. ROMANCIERS. 60 lettres.

528 788 1128 106 Matot, Éoal, Hod, Montépin, Feydeau, Aimard (Gustave), Chg.

472 826 347 77 trian, Achard, etc.

383 889 931 106 95. SAND (George), l’illustre romancière.

518 995 1133 65 L. a. s. à Louis Ulbach; Nohant, 27 décembre 1860, 7 p. in-8.

501 1048 1145 63 Superbe épître littéraire sur le roman le plus populaire d’Ulbach.

470 1079 1179 65 M. et Mme Fernel. Tout en faisant un grand éloge de ce livre, elle lui

470 1123 1176 74 adresse plusieurs critiques, notamment sur le caractère de Mme Fernel.

470 1161 559 56 Très intéressantes considérations.

380 1224 442 91 96. SAND (George).

503 1298 1054 73 L. a. s. à Louis Ulbach; Nohant, 26 nov. 1869, 11 p. in-8.

499 1356 1150 63 Très remarquable lettre où elle donne d’intéressants renseignements.

462 1400 1184 55 (pour sa biographie. Elle l'engage à consulter pour la première partie de

462 1438 1184 58 Isa carrière l’Histoire de ma vie. Pour les vingt-cinq dernières années,

462 1467 1179 65 l« c’est la vieillesse très calme et très heureuse en famille, traversée par

460 1506 1184 62 des chagrins tout personnels, les morts, les défections et puis l’état gé¬

460 1544 1186 53 néral où nous avons souffert, vous et moi, des mêmes choses. » Elle

460 1576 1184 65 est absorbée par une énorme correspondance. « J’écris facilement et

460 1617 1181 57 (avec plaisir. C’est ma seule récréation... J’espère, après ma mort, aller

455 1646 1186 65 dans une planète où on ne saura ni lire, ni écrire. Il faudra être assez

458 1687 1183 55 parfait pour n’en avoir pas besoin. » Elle l’assure ensuite qu’elle a tou¬

455 1723 1189 53 (jours vécu au jour le jour du fruit de son travail et qu'elle a tout.

460 1759 1181 53 donné, sauf une somme de 20,000 francs qu’elle a mise de côté. « Je

460 1795 1181 60 suis restée très gaie, sans initiative pour amuser les autres, mais sachant

460 1829 1179 60 les aider à s’amuser. Je dois avoir de gros défauts. Je suis comme tout

458 1899 246 55 des vertas.. 5.

371 1976 434 74 97. SAND (George).

506 2048 1138 89 4 l. a. s. à Louis Ulbach, 8 p. in-8. Ces pièces sont collées dos à

467 2094 625 65 dos sur des feuilles de papier fort.

368 2164 434 79 198. SAND (George).

501 2248 849 68 5 l. a. s. à Louis Ulbach; 1862-1865, 16 p. in-8.

477 2294 1160 92 (Intéressantes lettres où elle le félicitlar Ece irrce Ce sur ses aruicree

933 390 166 67 — 12 —
