<?xml version="1.0" encoding="UTF-8"?>
<alto xmlns:xsi="http://www.w3.org/2001/XMLSchema-instance"
      xmlns="http://www.loc.gov/standards/alto/ns-v4#"
      xsi:schemaLocation="http://www.loc.gov/standards/alto/ns-v4# http://www.loc.gov/standards/alto/v4/alto-4-2.xsd">
  <Description>
    <MeasurementUnit>pixel</MeasurementUnit>
    <sourceImageInformation>
      <fileName>CAT_000433.pdf_page_19.png</fileName>
      
    </sourceImageInformation>
  </Description>
  
  <Tags>
    <OtherTag ID="BT3743" LABEL="GraphicZone" DESCRIPTION="block type GraphicZone"/><OtherTag ID="BT3742" LABEL="CustomZone:EntryEnd" DESCRIPTION="block type CustomZone:EntryEnd"/><OtherTag ID="BT3741" LABEL="CustomZone:Entry" DESCRIPTION="block type CustomZone:Entry"/><OtherTag ID="BT3751" LABEL="TitlePageZone" DESCRIPTION="block type TitlePageZone"/><OtherTag ID="BT3749" LABEL="RunningTitleZone" DESCRIPTION="block type RunningTitleZone"/><OtherTag ID="BT3748" LABEL="NumberingZone" DESCRIPTION="block type NumberingZone"/><OtherTag ID="BT3747" LABEL="MarginTextZone" DESCRIPTION="block type MarginTextZone"/><OtherTag ID="BT3746" LABEL="MainZone" DESCRIPTION="block type MainZone"/>
    <OtherTag ID="LT1278" LABEL="HeadingLine" DESCRIPTION="line type HeadingLine"/><OtherTag ID="LT1277" LABEL="DefaultLine" DESCRIPTION="line type DefaultLine"/>
  </Tags>
  
  <Layout>
    <Page WIDTH="1917"
          HEIGHT="2908"
          PHYSICAL_IMG_NR="18"
          ID="eSc_dummypage_">
      <PrintSpace HPOS="0"
                  VPOS="0"
                  WIDTH="1917"
                  HEIGHT="2908">
        
        <TextBlock HPOS="779"
                   VPOS="382"
                   WIDTH="181"
                   HEIGHT="44"
                   ID="eSc_textblock_b581bfc9"
                   TAGREFS="BT3748">
          <Shape><Polygon POINTS="779 426 779 382 960 382 960 426"/></Shape>
          
          
          <TextLine ID="eSc_line_a5b300b7"
                    TAGREFS="LT1277"
                    BASELINE="787 419 959 411" 
                    HPOS="785"
                    VPOS="378"
                    WIDTH="174"
                    HEIGHT="55">
            <Shape><Polygon POINTS="954 402 930 409 906 387 882 382 857 378 833 380 809 387 785 407 787 419 787 431 954 433 959 411 957 399 954 402"/></Shape>
	    <String CONTENT="— 17 —"
                    HPOS="785"
                    VPOS="378"
                    WIDTH="174"
                    HEIGHT="55"></String>
          </TextLine>

          
        </TextBlock>
        
        <TextBlock HPOS="217"
                   VPOS="426"
                   WIDTH="1348"
                   HEIGHT="1946"
                   ID="eSc_textblock_6d62e559"
                   TAGREFS="BT3746">
          <Shape><Polygon POINTS="217 2372 230 463 1565 426 1565 2372"/></Shape>
          
          
          <TextLine ID="eSc_line_92ab04c2"
                    TAGREFS="LT1277"
                    BASELINE="385 504 1521 484" 
                    HPOS="385"
                    VPOS="450"
                    WIDTH="1136"
                    HEIGHT="73">
            <Shape><Polygon POINTS="1497 455 1473 455 1449 455 1425 455 1400 455 1376 455 1352 455 1328 455 1303 455 1279 455 1255 455 1231 455 1206 455 1182 455 1158 455 1134 455 1109 455 1085 455 1061 455 1037 455 1013 455 988 455 964 455 940 455 916 455 891 455 867 453 865 450 794 450 794 455 770 455 746 455 722 455 697 458 673 458 649 458 625 458 601 460 576 460 552 460 528 460 504 462 479 462 455 462 431 462 407 462 392 477 385 504 385 523 1521 501 1521 484 1514 458 1497 455"/></Shape>
	    <String CONTENT="P. a. s., en latin; Vienne, 8 avril 1592, 3 p. in-fol. Superbe et"
                    HPOS="385"
                    VPOS="450"
                    WIDTH="1136"
                    HEIGHT="73"></String>
          </TextLine>

          
          
          <TextLine ID="eSc_line_3b669562"
                    TAGREFS="LT1277"
                    BASELINE="344 550 685 545" 
                    HPOS="341"
                    VPOS="499"
                    WIDTH="344"
                    HEIGHT="87">
            <Shape><Polygon POINTS="511 504 487 504 462 504 438 504 414 504 390 504 387 499 341 499 344 550 344 586 685 576 685 545 681 504 530 501 511 504"/></Shape>
	    <String CONTENT="intéressante pièce."
                    HPOS="341"
                    VPOS="499"
                    WIDTH="344"
                    HEIGHT="87"></String>
          </TextLine>

          
          
          <TextLine ID="eSc_line_d32cf2d2"
                    TAGREFS="LT1277"
                    BASELINE="249 647 1521 613" 
                    HPOS="247"
                    VPOS="581"
                    WIDTH="1274"
                    HEIGHT="75">
            <Shape><Polygon POINTS="1507 588 1483 588 1458 588 1434 588 1410 588 1386 588 1362 588 1337 588 1313 586 1289 586 1265 586 1240 586 1221 586 1216 586 1192 586 1168 586 1143 586 1119 586 1020 586 1013 584 998 584 974 584 969 584 969 586 964 593 785 596 768 588 753 581 736 581 729 588 719 593 714 588 705 581 683 581 659 581 634 584 610 586 586 586 581 586 579 591 571 596 559 591 554 588 538 591 513 591 489 593 465 596 441 596 416 598 392 600 368 600 344 603 322 603 319 608 305 605 295 605 271 608 247 605 249 647 249 656 1521 634 1521 613 1519 610 1507 588"/></Shape>
	    <String CONTENT="80. LAFARGE (Marie Cappelle, femme), condamnée pour"
                    HPOS="247"
                    VPOS="581"
                    WIDTH="1274"
                    HEIGHT="75"></String>
          </TextLine>

          
          
          <TextLine ID="eSc_line_90b57910"
                    TAGREFS="LT1277"
                    BASELINE="348 697 1514 668" 
                    HPOS="348"
                    VPOS="627"
                    WIDTH="1166"
                    HEIGHT="95">
            <Shape><Polygon POINTS="348 680 348 697 348 722 1512 685 1514 668 1507 627 363 651 348 680"/></Shape>
	    <String CONTENT="crime d’empoisonnement sur son mari, n. 1816, m. 1852."
                    HPOS="348"
                    VPOS="627"
                    WIDTH="1166"
                    HEIGHT="95"></String>
          </TextLine>

          
          
          <TextLine ID="eSc_line_9ca0607e"
                    TAGREFS="LT1277"
                    BASELINE="382 760 1160 743" 
                    HPOS="380"
                    VPOS="683"
                    WIDTH="780"
                    HEIGHT="99">
            <Shape><Polygon POINTS="489 695 380 712 382 760 382 782 1160 756 1160 743 1153 683 1039 697 913 693 823 688 821 688 819 688 816 688 804 695 794 702 770 697 736 690 734 690 630 702 593 707 571 705 491 695 489 695"/></Shape>
	    <String CONTENT="L. a. s. au docteur Pourchet, 2p. 1/2 in-8."
                    HPOS="380"
                    VPOS="683"
                    WIDTH="780"
                    HEIGHT="99"></String>
          </TextLine>

          
          
          <TextLine ID="eSc_line_a02880ca"
                    TAGREFS="LT1277"
                    BASELINE="368 826 1189 809" 
                    HPOS="365"
                    VPOS="763"
                    WIDTH="824"
                    HEIGHT="73">
            <Shape><Polygon POINTS="365 799 368 826 368 836 1189 823 1189 809 1182 763 378 777 365 799"/></Shape>
	    <String CONTENT="Curieuse épitre où elle se plaint de son abandon."
                    HPOS="365"
                    VPOS="763"
                    WIDTH="824"
                    HEIGHT="73"></String>
          </TextLine>

          
          
          <TextLine ID="eSc_line_054d3b38"
                    TAGREFS="LT1277"
                    BASELINE="256 923 1519 894" 
                    HPOS="256"
                    VPOS="853"
                    WIDTH="1263"
                    HEIGHT="79">
            <Shape><Polygon POINTS="1466 867 1441 865 1417 862 1393 862 1369 860 1345 857 1320 855 1296 855 1274 853 315 867 302 874 278 882 266 894 256 923 256 932 1517 913 1519 894 1468 867 1466 867"/></Shape>
	    <String CONTENT="81. LA FAYETTE (Marie-Magdeleine Pioche de LAVERGNE,"
                    HPOS="256"
                    VPOS="853"
                    WIDTH="1263"
                    HEIGHT="79"></String>
          </TextLine>

          
          
          <TextLine ID="eSc_line_f8c4c6c3"
                    TAGREFS="LT1277"
                    BASELINE="358 969 1521 942" 
                    HPOS="356"
                    VPOS="899"
                    WIDTH="1165"
                    HEIGHT="82">
            <Shape><Polygon POINTS="1301 901 1277 901 1252 901 1228 901 1204 901 1180 903 1156 903 1131 903 1107 903 1083 906 1059 906 1034 906 1010 906 986 908 962 908 937 908 913 908 889 908 865 911 840 911 816 911 792 911 768 913 744 913 719 913 695 913 671 916 647 916 622 916 598 916 574 916 550 918 525 918 501 918 494 918 458 918 453 920 445 920 356 923 358 969 358 981 1521 964 1521 942 1514 899 1311 899 1301 901"/></Shape>
	    <String CONTENT="comtesse de), illustre romancière, auteur de Zayde,"
                    HPOS="356"
                    VPOS="899"
                    WIDTH="1165"
                    HEIGHT="82"></String>
          </TextLine>

          
          
          <TextLine ID="eSc_line_f8b2b726"
                    TAGREFS="LT1277"
                    BASELINE="356 1020 736 1010" 
                    HPOS="353"
                    VPOS="962"
                    WIDTH="383"
                    HEIGHT="67">
            <Shape><Polygon POINTS="668 964 644 964 620 964 596 964 530 974 518 974 511 974 475 966 475 966 450 969 426 969 407 969 353 976 356 1020 356 1029 734 1022 736 1010 731 969 685 962 668 964"/></Shape>
	    <String CONTENT="n. 1633, m. 1693."
                    HPOS="353"
                    VPOS="962"
                    WIDTH="383"
                    HEIGHT="67"></String>
          </TextLine>

          
          
          <TextLine ID="eSc_line_653cf900"
                    TAGREFS="LT1277"
                    BASELINE="392 1080 1524 1063" 
                    HPOS="390"
                    VPOS="1005"
                    WIDTH="1134"
                    HEIGHT="121">
            <Shape><Polygon POINTS="392 1080 392 1105 470 1105 494 1124 494 1126 496 1126 499 1126 501 1126 673 1105 714 1100 751 1105 845 1119 848 1119 1071 1107 1107 1105 1119 1107 1163 1114 1165 1114 1168 1114 1185 1107 1214 1092 1233 1107 1235 1109 1238 1109 1240 1109 1243 1109 1354 1107 1357 1107 1359 1107 1378 1090 1393 1102 1395 1102 1398 1102 1400 1102 1475 1090 1519 1107 1524 1063 1519 1017 1364 1005 1362 1005 1216 1017 1185 1022 390 1022 392 1080"/></Shape>
	    <String CONTENT="L. aut. à Mlle de La Tillaye; Paris, 7 septemntre, 3 p. in-8,"
                    HPOS="390"
                    VPOS="1005"
                    WIDTH="1134"
                    HEIGHT="121"></String>
          </TextLine>

          
          
          <TextLine ID="eSc_line_7482692e"
                    TAGREFS="LT1277"
                    BASELINE="353 1122 496 1126" 
                    HPOS="351"
                    VPOS="1080"
                    WIDTH="145"
                    HEIGHT="56">
            <Shape><Polygon POINTS="475 1080 450 1080 426 1080 402 1080 361 1080 353 1112 353 1122 351 1134 491 1136 496 1126 496 1080 475 1080"/></Shape>
	    <String CONTENT="cachet."
                    HPOS="351"
                    VPOS="1080"
                    WIDTH="145"
                    HEIGHT="56"></String>
          </TextLine>

          
          
          <TextLine ID="eSc_line_3b1cb779"
                    TAGREFS="LT1277"
                    BASELINE="387 1187 1529 1163" 
                    HPOS="385"
                    VPOS="1117"
                    WIDTH="1144"
                    HEIGHT="82">
            <Shape><Polygon POINTS="387 1187 387 1199 1526 1177 1529 1163 1521 1117 385 1151 387 1187"/></Shape>
	    <String CONTENT="SUPERBE LETTRE. Elle n’eût pas cru qu’un présent aussi peu considé¬"
                    HPOS="385"
                    VPOS="1117"
                    WIDTH="1144"
                    HEIGHT="82"></String>
          </TextLine>

          
          
          <TextLine ID="eSc_line_6cf9857b"
                    TAGREFS="LT1277"
                    BASELINE="348 1223 1529 1201" 
                    HPOS="346"
                    VPOS="1165"
                    WIDTH="1183"
                    HEIGHT="68">
            <Shape><Polygon POINTS="1412 1168 1388 1168 1364 1168 1340 1168 1323 1168 1313 1168 1291 1170 1267 1170 1243 1170 1219 1170 1194 1170 1170 1172 1146 1172 1122 1172 1097 1172 1073 1172 1049 1175 1025 1175 1000 1175 976 1175 952 1177 928 1177 903 1177 879 1177 855 1177 831 1180 807 1180 782 1180 758 1180 734 1180 710 1182 685 1182 661 1182 637 1182 613 1185 588 1185 564 1185 540 1185 516 1185 491 1187 467 1187 443 1187 419 1187 395 1187 390 1177 346 1177 348 1223 348 1233 1529 1209 1529 1201 1521 1165 1425 1165 1412 1168"/></Shape>
	    <String CONTENT="rable que celui qu’elle a fait à un enfant put être capable de lui trou¬"
                    HPOS="346"
                    VPOS="1165"
                    WIDTH="1183"
                    HEIGHT="68"></String>
          </TextLine>

          
          
          <TextLine ID="eSc_line_80ba7b99"
                    TAGREFS="LT1277"
                    BASELINE="348 1262 1446 1238" 
                    HPOS="346"
                    VPOS="1204"
                    WIDTH="1100"
                    HEIGHT="99">
            <Shape><Polygon POINTS="1437 1204 1412 1204 1388 1206 1364 1206 1340 1206 1315 1206 1291 1206 1267 1206 1243 1209 1219 1209 1194 1209 1170 1209 1146 1209 1122 1211 1097 1211 1073 1211 1049 1211 1025 1211 1000 1214 976 1214 952 1214 928 1214 903 1214 879 1214 855 1216 831 1216 807 1216 782 1216 758 1216 734 1218 710 1218 685 1218 661 1218 637 1218 613 1218 588 1221 564 1221 540 1221 516 1221 491 1221 467 1223 443 1223 419 1223 395 1223 370 1223 346 1223 348 1262 348 1303 1122 1277 1160 1277 1299 1284 1301 1284 1446 1267 1446 1238 1439 1204 1437 1204"/></Shape>
	    <String CONTENT="bler la raison, Elle est honteuse des remnerciements qu&#39;elle recoit."
                    HPOS="346"
                    VPOS="1204"
                    WIDTH="1100"
                    HEIGHT="99"></String>
          </TextLine>

          
          
          <TextLine ID="eSc_line_f468831b"
                    TAGREFS="LT1277"
                    BASELINE="264 1357 1534 1330" 
                    HPOS="264"
                    VPOS="1264"
                    WIDTH="1270"
                    HEIGHT="105">
            <Shape><Polygon POINTS="1521 1298 1517 1284 1417 1264 1415 1264 1272 1269 1269 1269 1267 1269 1243 1291 916 1296 894 1279 894 1277 891 1277 889 1277 838 1277 836 1277 763 1289 751 1279 748 1279 746 1279 744 1279 741 1279 739 1279 717 1296 450 1286 448 1286 445 1286 382 1308 348 1308 332 1308 319 1296 310 1303 285 1313 264 1327 264 1357 264 1369 1534 1347 1534 1330 1526 1306 1521 1298"/></Shape>
	    <String CONTENT="82. LA FAYETTE (Gilbert MOTIER, marquis de), l’illustre"
                    HPOS="264"
                    VPOS="1264"
                    WIDTH="1270"
                    HEIGHT="105"></String>
          </TextLine>

          
          
          <TextLine ID="eSc_line_9f9ef753"
                    TAGREFS="LT1277"
                    BASELINE="361 1407 1015 1395" 
                    HPOS="358"
                    VPOS="1344"
                    WIDTH="657"
                    HEIGHT="83">
            <Shape><Polygon POINTS="916 1344 891 1344 867 1344 843 1344 819 1347 816 1347 734 1357 731 1357 729 1357 673 1349 673 1349 649 1349 625 1349 620 1349 596 1359 593 1359 591 1359 535 1352 528 1352 504 1352 479 1354 462 1354 426 1361 414 1354 407 1354 382 1354 358 1361 361 1407 361 1427 1015 1410 1015 1395 1010 1354 925 1344 916 1344"/></Shape>
	    <String CONTENT="général, n. 1757, m. 1834."
                    HPOS="358"
                    VPOS="1344"
                    WIDTH="657"
                    HEIGHT="83"></String>
          </TextLine>

          
          
          <TextLine ID="eSc_line_a767da91"
                    TAGREFS="LT1277"
                    BASELINE="399 1468 1531 1449" 
                    HPOS="397"
                    VPOS="1393"
                    WIDTH="1134"
                    HEIGHT="85">
            <Shape><Polygon POINTS="954 1398 935 1407 930 1410 916 1407 862 1400 857 1400 833 1400 809 1400 797 1400 397 1420 399 1468 399 1478 1531 1461 1531 1449 1526 1395 1124 1393 1122 1393 1119 1393 1097 1405 1088 1410 998 1410 993 1407 971 1398 954 1398"/></Shape>
	    <String CONTENT="L. a. s. au général BOLIVAR; La Grange, 30 décembre 1826,"
                    HPOS="397"
                    VPOS="1393"
                    WIDTH="1134"
                    HEIGHT="85"></String>
          </TextLine>

          
          
          <TextLine ID="eSc_line_efc08efe"
                    TAGREFS="LT1277"
                    BASELINE="361 1514 1454 1492" 
                    HPOS="358"
                    VPOS="1454"
                    WIDTH="1096"
                    HEIGHT="92">
            <Shape><Polygon POINTS="361 1514 361 1546 1454 1514 1454 1492 1446 1454 358 1473 361 1514"/></Shape>
	    <String CONTENT="3/4 de p. in-4, enveloppe et cachet à l&#39;effigie de Washington."
                    HPOS="358"
                    VPOS="1454"
                    WIDTH="1096"
                    HEIGHT="92"></String>
          </TextLine>

          
          
          <TextLine ID="eSc_line_10caf961"
                    TAGREFS="LT1277"
                    BASELINE="390 1567 1531 1543" 
                    HPOS="387"
                    VPOS="1507"
                    WIDTH="1144"
                    HEIGHT="77">
            <Shape><Polygon POINTS="390 1567 390 1584 1531 1555 1531 1543 1524 1507 387 1526 390 1567"/></Shape>
	    <String CONTENT="Très belle lettre où il recommande au président libérateur le docteur"
                    HPOS="387"
                    VPOS="1507"
                    WIDTH="1144"
                    HEIGHT="77"></String>
          </TextLine>

          
          
          <TextLine ID="eSc_line_95b938a1"
                    TAGREFS="LT1277"
                    BASELINE="365 1606 1526 1580" 
                    HPOS="363"
                    VPOS="1548"
                    WIDTH="1163"
                    HEIGHT="75">
            <Shape><Polygon POINTS="945 1558 940 1558 828 1558 823 1560 799 1560 794 1560 741 1560 727 1563 702 1563 678 1563 654 1563 649 1563 625 1563 605 1565 581 1565 557 1565 533 1565 508 1565 484 1567 460 1567 436 1567 411 1567 387 1567 385 1565 363 1565 365 1606 365 1623 1524 1599 1526 1580 1519 1548 945 1555 945 1558"/></Shape>
	    <String CONTENT="Bondil, qui se rend au Pérou, « et dont je ne puis vous donner une"
                    HPOS="363"
                    VPOS="1548"
                    WIDTH="1163"
                    HEIGHT="75"></String>
          </TextLine>

          
          
          <TextLine ID="eSc_line_a0716359"
                    TAGREFS="LT1277"
                    BASELINE="358 1640 1531 1616" 
                    HPOS="358"
                    VPOS="1582"
                    WIDTH="1173"
                    HEIGHT="77">
            <Shape><Polygon POINTS="1301 1587 1289 1587 1211 1587 1204 1589 1180 1589 1172 1589 1088 1589 1083 1592 1059 1592 1054 1592 998 1592 986 1594 962 1594 937 1594 906 1594 889 1596 865 1596 840 1596 821 1596 782 1596 768 1599 744 1599 719 1599 702 1599 690 1599 671 1601 647 1601 622 1601 598 1601 574 1604 550 1604 525 1604 501 1604 477 1604 453 1606 428 1606 404 1606 380 1606 358 1640 358 1659 1529 1628 1531 1616 1524 1582 1303 1584 1301 1587"/></Shape>
	    <String CONTENT="plus honorable idée qu’en vous disant qu’il est ami de M. Manuel, notre"
                    HPOS="358"
                    VPOS="1582"
                    WIDTH="1173"
                    HEIGHT="77"></String>
          </TextLine>

          
          
          <TextLine ID="eSc_line_7ab9bfa4"
                    TAGREFS="LT1277"
                    BASELINE="356 1679 1531 1655" 
                    HPOS="353"
                    VPOS="1618"
                    WIDTH="1178"
                    HEIGHT="71">
            <Shape><Polygon POINTS="1517 1618 1492 1618 1468 1618 1444 1618 1420 1618 1395 1621 1371 1621 1347 1621 1323 1621 1311 1621 1294 1621 1274 1623 1250 1623 1226 1623 1204 1623 1199 1623 1177 1626 1153 1626 1129 1626 1105 1626 1097 1626 1073 1626 1056 1628 1032 1628 1008 1628 991 1628 950 1628 935 1630 911 1630 887 1630 884 1630 823 1630 814 1633 790 1633 777 1633 697 1633 693 1635 671 1635 571 1635 571 1638 564 1638 353 1640 356 1679 356 1689 1529 1669 1531 1655 1524 1618 1517 1618"/></Shape>
	    <String CONTENT="célèbre orateur, dont le nom et les actes patriotiques vous sont con¬"
                    HPOS="353"
                    VPOS="1618"
                    WIDTH="1178"
                    HEIGHT="71"></String>
          </TextLine>

          
          
          <TextLine ID="eSc_line_a9671377"
                    TAGREFS="LT1277"
                    BASELINE="356 1715 462 1708" 
                    HPOS="353"
                    VPOS="1679"
                    WIDTH="109"
                    HEIGHT="43">
            <Shape><Polygon POINTS="450 1679 426 1679 402 1679 378 1679 353 1679 356 1715 356 1722 460 1718 462 1708 458 1679 450 1679"/></Shape>
	    <String CONTENT="nus. »."
                    HPOS="353"
                    VPOS="1679"
                    WIDTH="109"
                    HEIGHT="43"></String>
          </TextLine>

          
          
          <TextLine ID="eSc_line_a303d61e"
                    TAGREFS="LT1277"
                    BASELINE="271 1800 1534 1773" 
                    HPOS="271"
                    VPOS="1713"
                    WIDTH="1263"
                    HEIGHT="97">
            <Shape><Polygon POINTS="317 1747 293 1749 276 1769 271 1800 271 1810 1531 1795 1534 1773 1526 1713 322 1744 317 1747"/></Shape>
	    <String CONTENT="83. LA TRÉMOILLE (Gabrielle de Botrnon, princesse de),"
                    HPOS="271"
                    VPOS="1713"
                    WIDTH="1263"
                    HEIGHT="97"></String>
          </TextLine>

          
          
          <TextLine ID="eSc_line_8ec95df3"
                    TAGREFS="LT1277"
                    BASELINE="370 1849 1538 1824" 
                    HPOS="368"
                    VPOS="1783"
                    WIDTH="1170"
                    HEIGHT="95">
            <Shape><Polygon POINTS="368 1800 370 1849 375 1875 387 1863 421 1873 438 1878 441 1878 443 1878 445 1878 462 1873 501 1861 603 1870 644 1873 647 1873 649 1873 666 1868 705 1858 729 1868 736 1870 739 1870 741 1870 744 1870 746 1870 748 1868 765 1856 826 1865 831 1865 833 1865 836 1865 838 1865 853 1853 908 1863 933 1868 935 1868 937 1868 947 1863 969 1851 996 1863 1003 1865 1005 1865 1008 1865 1027 1861 1085 1849 1153 1858 1182 1863 1185 1863 1538 1851 1538 1824 1531 1783 368 1798 368 1800"/></Shape>
	    <String CONTENT="fille du comte Louis de Montpensier, première femme"
                    HPOS="368"
                    VPOS="1783"
                    WIDTH="1170"
                    HEIGHT="95"></String>
          </TextLine>

          
          
          <TextLine ID="eSc_line_57bd680a"
                    TAGREFS="LT1277"
                    BASELINE="370 1897 1151 1880" 
                    HPOS="368"
                    VPOS="1844"
                    WIDTH="783"
                    HEIGHT="89">
            <Shape><Polygon POINTS="683 1844 659 1844 634 1844 610 1844 586 1846 562 1846 538 1846 513 1846 489 1846 465 1849 460 1849 443 1856 397 1849 392 1849 375 1849 368 1853 370 1897 370 1919 477 1933 479 1933 581 1916 593 1916 605 1916 697 1928 700 1928 831 1914 865 1912 1151 1912 1151 1880 1146 1844 707 1844 683 1844"/></Shape>
	    <String CONTENT="du chevalier sans reproche, m. 1516."
                    HPOS="368"
                    VPOS="1844"
                    WIDTH="783"
                    HEIGHT="89"></String>
          </TextLine>

          
          
          <TextLine ID="eSc_line_2bd2582a"
                    TAGREFS="LT1277"
                    BASELINE="407 1965 1541 1941" 
                    HPOS="404"
                    VPOS="1890"
                    WIDTH="1137"
                    HEIGHT="87">
            <Shape><Polygon POINTS="407 1965 407 1977 1541 1953 1541 1941 1534 1890 404 1914 407 1965"/></Shape>
	    <String CONTENT="P. s., sur vélin; Lisle-Bouchart, 23 janvier 1485 (1486, n. s.),"
                    HPOS="404"
                    VPOS="1890"
                    WIDTH="1137"
                    HEIGHT="87"></String>
          </TextLine>

          
          
          <TextLine ID="eSc_line_673e8d33"
                    TAGREFS="LT1277"
                    BASELINE="378 2006 1395 1991" 
                    HPOS="375"
                    VPOS="1948"
                    WIDTH="1020"
                    HEIGHT="80">
            <Shape><Polygon POINTS="1078 1953 1054 1953 1029 1953 1005 1953 981 1953 979 1953 957 1955 933 1955 908 1955 884 1955 860 1955 836 1958 811 1958 787 1958 763 1958 739 1960 714 1960 690 1960 666 1960 642 1960 617 1962 593 1962 569 1962 545 1962 521 1962 496 1965 472 1965 448 1965 424 1965 421 1958 375 1958 378 2006 378 2028 884 2028 884 2025 966 2013 976 2013 981 2013 1008 2023 1010 2023 1013 2023 1093 2011 1102 2011 1109 2011 1194 2021 1197 2021 1395 2004 1395 1991 1388 1948 1090 1950 1078 1953"/></Shape>
	    <String CONTENT="1 p. in-fol. oblong. Légères taches. Très rare."
                    HPOS="375"
                    VPOS="1948"
                    WIDTH="1020"
                    HEIGHT="80"></String>
          </TextLine>

          
          
          <TextLine ID="eSc_line_69c190ef"
                    TAGREFS="LT1277"
                    BASELINE="397 2067 1541 2042" 
                    HPOS="395"
                    VPOS="1994"
                    WIDTH="1146"
                    HEIGHT="87">
            <Shape><Polygon POINTS="397 2067 397 2081 1541 2052 1541 2042 1534 1994 962 2016 804 2016 445 2016 443 2016 441 2016 395 2028 397 2067"/></Shape>
	    <String CONTENT="Très curieux document. Elle déclare avoir recu une certaine quantité"
                    HPOS="395"
                    VPOS="1994"
                    WIDTH="1146"
                    HEIGHT="87"></String>
          </TextLine>

          
          
          <TextLine ID="eSc_line_b8f2c4db"
                    TAGREFS="LT1277"
                    BASELINE="365 2103 1538 2079" 
                    HPOS="363"
                    VPOS="2047"
                    WIDTH="1175"
                    HEIGHT="70">
            <Shape><Polygon POINTS="1066 2054 1042 2054 1029 2054 957 2054 945 2057 920 2057 896 2057 872 2057 848 2059 823 2059 799 2059 775 2059 751 2059 727 2062 702 2062 678 2062 654 2062 630 2062 605 2064 581 2064 557 2064 533 2064 508 2067 484 2067 460 2067 436 2067 411 2067 409 2062 363 2062 365 2103 365 2117 1536 2091 1538 2079 1531 2047 1071 2052 1066 2054"/></Shape>
	    <String CONTENT="de pièces d’argenterie qui avaient été déposées par le prince de La Tré¬"
                    HPOS="363"
                    VPOS="2047"
                    WIDTH="1175"
                    HEIGHT="70"></String>
          </TextLine>

          
          
          <TextLine ID="eSc_line_3b59734f"
                    TAGREFS="LT1277"
                    BASELINE="368 2137 1536 2117" 
                    HPOS="365"
                    VPOS="2081"
                    WIDTH="1171"
                    HEIGHT="73">
            <Shape><Polygon POINTS="1529 2081 1505 2081 1480 2081 1456 2081 1432 2081 1408 2084 1383 2084 1359 2084 1335 2084 1315 2084 1308 2084 1286 2086 1262 2086 1238 2086 1214 2086 1209 2086 1182 2086 1165 2088 1141 2088 1117 2088 1105 2088 1056 2088 1044 2091 1020 2091 998 2091 962 2091 947 2093 923 2093 899 2093 891 2093 836 2093 826 2096 802 2096 785 2096 710 2096 705 2098 681 2098 586 2098 584 2101 574 2101 365 2103 368 2137 368 2154 1536 2127 1536 2117 1529 2081 1529 2081"/></Shape>
	    <String CONTENT="moille entre les mains de Merlin de Cordebeuf, seigneur de Beauver¬"
                    HPOS="365"
                    VPOS="2081"
                    WIDTH="1171"
                    HEIGHT="73"></String>
          </TextLine>

          
          
          <TextLine ID="eSc_line_3f4f198c"
                    TAGREFS="LT1277"
                    BASELINE="368 2178 1485 2154" 
                    HPOS="365"
                    VPOS="2120"
                    WIDTH="1120"
                    HEIGHT="82">
            <Shape><Polygon POINTS="1383 2122 1359 2122 1352 2122 1238 2122 1238 2125 1228 2125 365 2139 368 2178 368 2202 1485 2171 1485 2154 1478 2120 1388 2120 1383 2122"/></Shape>
	    <String CONTENT="gier. L’énumération des pièces d’argenterie se trouve dans le reçu."
                    HPOS="365"
                    VPOS="2120"
                    WIDTH="1120"
                    HEIGHT="82"></String>
          </TextLine>

          
          
          <TextLine ID="eSc_line_8ece6a04"
                    TAGREFS="LT1277"
                    BASELINE="281 2270 1546 2244" 
                    HPOS="281"
                    VPOS="2185"
                    WIDTH="1265"
                    HEIGHT="100">
            <Shape><Polygon POINTS="1538 2241 1517 2195 1328 2185 1325 2185 1323 2185 1320 2185 1296 2200 1294 2200 1286 2200 1022 2193 1020 2193 1017 2193 971 2207 964 2210 799 2210 797 2210 770 2197 768 2197 765 2197 763 2197 739 2210 734 2212 702 2212 571 2202 569 2202 298 2217 281 2239 281 2270 281 2285 1546 2265 1546 2244 1541 2197 1538 2195 1538 2241"/></Shape>
	    <String CONTENT="84. LAVOISIER (Antoine-Laurent), l’illustre fondateur de la"
                    HPOS="281"
                    VPOS="2185"
                    WIDTH="1265"
                    HEIGHT="100"></String>
          </TextLine>

          
          
          <TextLine ID="eSc_line_03d3ee57"
                    TAGREFS="LT1277"
                    BASELINE="378 2319 1475 2297" 
                    HPOS="378"
                    VPOS="2248"
                    WIDTH="1097"
                    HEIGHT="105">
            <Shape><Polygon POINTS="1393 2248 1369 2248 1364 2248 1325 2258 1182 2253 1175 2253 1151 2253 1126 2253 1105 2253 1102 2253 1095 2263 1090 2263 959 2256 957 2258 933 2258 908 2258 884 2258 860 2258 836 2260 811 2260 790 2260 744 2260 739 2263 731 2263 395 2275 378 2309 378 2319 378 2338 475 2350 477 2350 479 2350 516 2338 576 2353 579 2353 581 2353 584 2353 622 2336 705 2350 707 2350 710 2350 758 2333 845 2348 848 2348 850 2348 908 2331 974 2345 976 2345 979 2345 981 2345 1000 2333 1093 2343 1095 2343 1097 2343 1100 2343 1124 2326 1172 2340 1175 2340 1177 2340 1301 2323 1439 2336 1441 2336 1444 2336 1475 2319 1475 2297 1471 2258 1395 2248 1393 2248"/></Shape>
	    <String CONTENT="chimie moderne, n. à Paris, 1743, décapité en 1794."
                    HPOS="378"
                    VPOS="2248"
                    WIDTH="1097"
                    HEIGHT="105"></String>
          </TextLine>

          
        </TextBlock>
        
        <TextBlock HPOS="242"
                   VPOS="590"
                   WIDTH="1282"
                   HEIGHT="253"
                   ID="eSc_textblock_acf4fff0"
                   TAGREFS="BT3741">
          <Shape><Polygon POINTS="242 610 244 843 1522 824 1524 590"/></Shape>
          
        </TextBlock>
        
        <TextBlock HPOS="245"
                   VPOS="861"
                   WIDTH="1286"
                   HEIGHT="422"
                   ID="eSc_textblock_b8440569"
                   TAGREFS="BT3741">
          <Shape><Polygon POINTS="247 890 245 1283 1531 1246 1531 861"/></Shape>
          
        </TextBlock>
        
        <TextBlock HPOS="256"
                   VPOS="1290"
                   WIDTH="1292"
                   HEIGHT="445"
                   ID="eSc_textblock_101c8836"
                   TAGREFS="BT3741">
          <Shape><Polygon POINTS="256 1317 258 1735 1548 1715 1541 1290"/></Shape>
          
        </TextBlock>
        
        <TextBlock HPOS="261"
                   VPOS="1737"
                   WIDTH="1282"
                   HEIGHT="462"
                   ID="eSc_textblock_cab6203a"
                   TAGREFS="BT3741">
          <Shape><Polygon POINTS="261 1764 283 2199 1539 2185 1543 1737"/></Shape>
          
        </TextBlock>
        
        <TextBlock HPOS="264"
                   VPOS="2194"
                   WIDTH="1280"
                   HEIGHT="142"
                   ID="eSc_textblock_df014c0c"
                   TAGREFS="BT3741">
          <Shape><Polygon POINTS="264 2238 264 2336 1544 2316 1536 2194"/></Shape>
          
        </TextBlock>
        
        <TextBlock HPOS="325"
                   VPOS="444"
                   WIDTH="1208"
                   HEIGHT="131"
                   ID="eSc_textblock_cadce566"
                   TAGREFS="BT3742">
          <Shape><Polygon POINTS="325 575 330 472 1521 444 1533 551"/></Shape>
          
        </TextBlock>
        

        
      </PrintSpace>
    </Page>
  </Layout>
</alto>
