1833 2908
877 348 168 63 — 22 —

436 445 1186 66 vaillant guerrier, un des héros des batailles de Pavie et

441 491 880 71 de Saint-Quentin, où il fut fait prisonnier.

482 557 892 90 P. s., sur vélin; 11 aout 1526, 1 p. in-fol. oblons.

322 637 1287 87 117. URSINS (Anne-Marie de La TRÉMOILLE, princesse des),

443 705 1174 60 femme célèbre par l’influence qu’elle exerça à la cour de

441 748 1168 83 Philippe V et par son éclalante disgrâce, n. 1641,

443 809 204 58 m. 1722.

475 845 982 95 L. s. à Desmaretz ; Madrid, 2 mars 1710, 1 p. 1/2 in-4.

465 930 1144 63 Très belle lettre où elle demande une grâce pour M. d'Aubigny, qui

424 979 1047 63 vient d’acheter une charge de grand maître des eaux et forêts.

322 1039 1300 73 118. VALLONGUE (Joseph-Secret PASCAL), célèbre général

441 1102 1178 78 du génie, n. à Sauve (Gard), 1763, tué au siège de Gaëte

438 1158 194 56 en 1806.

414 1204 1198 90 L. a. s. à M. Lecomte ; Boulogne, 4 thermidor an XII, 2 p. in-8,

441 1269 189 56 tête impr.

465 1318 1152 128 Belle lettre où il mande que le général Reille, Lacuée et Tabarié

431 1369 1178 82 viennent d'arriver et que le ministre de la guerre doit arriver cette

424 1410 90 53 nuit.

324 1473 1293 70 119. VENDOME (Louis-Joseph, duc de), illustre général, qui

438 1533 1176 68 rétablit Philippe V sur le trône d’Espagne, n. 1654,

438 1584 214 66 m. 1712.

477 1635 1135 114 L. a. s. au comte d’Estrées; camp de Villoni, 1er août 1695, 1 p.

443 1686 209 75 pl. in-4.

458 1732 1013 83 Intéressante lettre militaire sur son expédition de Catalogne.

320 1810 1292 99 120. WINTZINGERODE (Ferdinand, baron de), célebre géné¬

438 1892 1171 68 ral russe, adversaire de Napoléon Ier, n. 1770, m. 1818.

470 1958 1105 75 L. s., en français, à Talleyrand ; 14 oct. 1808, 1 p. 1/4 in-fol.

467 2021 1135 75 Intéressante épître sur l'ambassadeur français, dont l'Empereur de

426 2064 388 80 Russie attend la venue.
