1875 2892
949 359 171 72 — 32 —

513 428 1174 97 deur en Belgique en 1831, n. à Fontenay-le-Comte

513 484 525 72 (Vendée), 1769, m. 1832.

549 561 1140 99 L. a. s. à Berthier; Leuilly (Aisne), 10 mars 1814, 10 heures 3/4

510 614 362 55 du matin, 3 p. in-4.

527 682 1138 79 PIÈCE HISTORIQUE sur la bataille de Laon. L’ennemi a attaqué Clacy

496 723 1166 67 ce matin et il a été repoussé. « On se bat toujours devant Clacy. L’en¬

491 756 1171 77 nemi vient de faire descendre une forte colonne et de l’artillerie sur la

494 795 1168 75 route de Paris. Le duc de Trévise a mis en batterie 12 pièces ; on a

489 833 1171 97 arrêté le mouvement, cette troupe a repris sa position à mi-côte... »

489 870 330 48 Intéressants détails

380 935 1073 84 156. LEFEBVRE-DESNOETTES (Charles, comte).

537 1014 1123 97 L. s. au maréchal Ney; Fresne, 15 juin 1815, 9 heures du soir,

496 1067 243 65 2 p. 3/4 in-4.

518 1111 1144 108 PIÈCE HISTORIQUE. Il lui mande qu’il a trouvé Fresne occupé par un

479 1168 1176 85 régiment de Nassau infanterie, qui s'est retiré et qu’on n’a pas pu

479 1214 1171 75 entamer, malgré des charges de cavalerie. Cette troupe est sous les

479 1250 1174 87 ordres de Wellington. Le lendemain, il fera une reconnaissance aux

479 1286 215 53 Quatre-Bras.

373 1354 410 96 157. NEY (Michel).

530 1426 1128 89 L. s. à Soult; Gosselies, 15 juin 1815, 11 heures du soir, 2 p.

486 1477 456 77 in-4. Légères déchirures.

508 1523 1140 94 PIÈCE HISTORIQUE, écrite la veille de la bataille de Ligny. Il a fait

472 1566 1174 87 déloger de Gosselies l’ennemi, dont la défense à été peu opiniâtre et

472 1612 1181 87 qui s’est replié par Heppignies sur Fleurus. Il donne l’emplacement

474 1648 251 55 de ses troupes.

363 1696 408 111 158. NEY (Michel).

518 1790 1130 97 L. s. à Soult ; Frasne, 16 juin 1815, 11 heures du matin,

482 1834 178 65 1 p. in-4.

501 1891 1140 92 PIÈCE HISTORIQUE où il fait part de ses dispositions militaires. « Tous

472 1935 1164 84 les renseignements portent qu’il y a environ 3,000 hommes d’infanterie

467 1978 1169 68 ennemie aux Quatre-Bras et fort peu de cavalerie. Je pense que les dis¬

465 2019 1173 87 positions de l’Empereur pour la marche ultérieure sur Bruxelles s’exé¬

462 2050 559 94 cuteront sans grands obstacles. »

535 2250 898 97 1924. — Paris. Typographie Gaston NÉE, 1, rue Cassette.
