1925 2908
819 387 170 56 — 11 —

373 462 1178 63 qui ne jouissent actuellement d’aucun intérêt et de faire réconstituer à

373 501 1173 63 50/0 celles des créances que l’on peut regarder comme privilégiées.

370 535 1179 63 « Je vous supplie de vouloir bien ordonner un examen sévère de mes

370 574 1179 60 vues pour que rapport vous en soit fait et me permettre de réfuter

373 610 1176 70 devant vous, en la forme qu’il vous plaira me prescrire, ce en quoi on

375 649 890 80 pourroit les avoir jugé contrarier à vos dispositions. »

288 729 1268 77 50. FAVRE (Jules), célèbre orateur et homme d’État, vice-

385 773 1173 84 président du gouvernement de la Défense nationale, n. à

390 833 439 75 Lyon, 1809, m. 1880.

419 903 870 76 L. a. s. ; Paris, 14 novembre 1874, 3 p. 1/2 in-4.

412 971 1132 68 Très curieuse consultation sur la validité d’un mariage contracé à

375 1015 1176 63 San Francisco par un Français in articulo mortis. Jules Favre conclat à la

383 1054 1030 92 ligitimité de cette union et expose longuement ses arguments.

295 1122 1246 77 51. FERDINAND VI, roi d’Espagne, fils de Philippe V,

392 1185 1166 75 signataire du traité d’Aix-la-Chapelle, n. 1713, m. 1759.

426 1245 1135 80 L. a. s. à Louis XV; Buen-Retiro, 8 août 1746, 1 p. 1/2 in-4,

387 1308 488 63 cachets et soies. Très rare.

414 1357 1152 75 Superbe lettre de créance pour le duc de Huescar, ambassadeur

378 1415 477 53 auprès de Louis XV.

295 1485 1268 92 52. FEUILLET (Octave), célèbre romancier et auteur dra¬

400 1546 1076 65 matique, membre de l'Académie française, n. 1821.

429 1609 603 94 L. a. s. à Louis Ménard, 1 p. in-8.

414 1686 664 58 Lettre de sa jeunesse, signée Feuillet O.

300 1754 1271 92 53. FRANCE (Anatole), célèbre poète et romancier, auteur

395 1829 889 75 du Crime de Sylvestre Bonnard, n. 1844.

433 1882 825 88 Le mauvais ouvrier, sonnet aut. sig, 1 p. in-8.

421 1970 747 58 Très jolie pièce où il célèbre Laurent Coster.

300 2047 1273 83 54. FRANCKENBERG (Jean-Henri, cardinal de), archevêque

404 2108 1171 77 de Malines, chassé de son diocèse par les Français en

402 2154 509 75 1797, n. 1726, m. 1804.

443 2234 1132 85 L. a. s., en italien, au cardinal Consalvi; Emmerick, 14 déc.

402 2285 642 70 1800, 3/4 de p. in-4. Superbe lettre.
