1904 2933
929 332 164 81 AVIS

499 439 1101 52 Il y aura, le 21 février 1890, exposition publique des pièces,

416 474 1182 75 de deux à quatre heures du soir, Hôtel des Commissaires-Priseurs,

418 527 179 57 salle n° 4.

499 554 1055 88 Les pièces seront visibles chez l’expert huit jours à l’avance.

504 618 746 59 L’authenticité des autographes est garantie.

499 659 1099 69 Huit jours sont accordés pour la vérification des pièces; passé

416 716 785 53 ce délai, aucune réclamation ne sera admise.

499 745 1099 64 Les acquéreurs payeront cinq pour cent en sus du prix d’adjudi¬

416 779 129 86 cation.

501 838 1097 81 M. ÉTIENNE CHARAVAY, archiviste-paléographe, chargé de la

418 894 1055 83 vente, remplira les commissions qu’on voudra bien lui confier.

741 1112 531 80 EN PRÉPARATION :

491 1219 815 105 Catalognes des Collections DUBRUNFAUT, etc.

807 1471 382 95 EN VENTE :

416 1588 1179 71 TRAITÉ PRATIQUE DE GRAPHOLOGIE, étude du caractère de l’homme

447 1642 1146 59 d’après son écriture, par J. CRÉPIEUX-JAMIN. 1 vol. in-18 de

450 1684 1143 66 268 pages................................. 3 fr. 50

487 1730 1103 64 (Ce volume, orné de 179 figures, doit faire partie de la biblio¬

447 1781 617 66 Ithèque des amateurs d’autographes.

411 1825 1182 71 LETTRES AUTOGRaPHES ComposaNT lA COLLECTION dE M. ALERED.

452 1879 1138 61 BOVET, décrites par ÉTIENNE CHARAVAY, ouvrage imprimé sous

447 1926 1143 58 la direction de FERNAND CALMETTES. 1 vol. grand in-4°, de

450 1969 1135 62 1,000 pages, imprimé sur papier de luxe, avec encadrement rouge

445 2016 1140 68 à chaque page...........................150 fr.

489 2065 1094 68 Ce volume exceptionnel est à la fois un précieux ouvrage histo¬

406 2111 1182 69 rique et un chef-d’œuvre de la typographie française. La collection

411 2165 1174 56 de M. Alfred Bovet est justement célèbre, et son inventaire est un

408 2204 1175 64 véritable modèle du genre. Ce livre est orné de 49 héliogravures

408 2246 1177 66 hors texte et de 2,000 fac-similés dans le texte. C'est un guide

408 2290 1180 68 indispensable à tout amateur d’autographes et un album des plus¬

408 2339 1124 80 curieux que tout bibliophile voudra avoir sur la table de son salon.
