1929 2921
908 367 166 78 — 16 —

470 508 180 66 Très rare.

484 567 1150 61 SUPERBE LETTRE. Il avait cru le trouver à Champigny, où il était allé

501 467 1135 70 L. a. s. au duc d’Épernon; 30 juin 1607, 1 p. pl. in-fol., cachet.

453 610 1181 56 porter le Saint-Sacrement à des gens qui en avaient bien besoin. Il a

453 647 1181 54 laissé M. de Montpensier se flatter d’une bonne santé, quoiqu’il se porte

455 684 1179 63 assez mal. Il est entre les mains d’un médecin qui lui promet mer¬

460 718 105 60 veille.

372 791 1267 82 74. JUSSIEU (Antoine-Laurent de), un de nos plus grands

467 837 794 80 botanistes, n. à Lyon, 1748, m. 1836.

494 900 1101 90 L. a. s. au comte de Vaublanc; Paris, 4 avril 1816, 1 p. in-4.

489 973 1145 68 Intéressante lettre où il disculpe son gendre, M. Le Rat de Magnitot, ex-

455 1022 1179 78 Sous-préfet des Andelys, des accusations portées contre lui par les roya-.

453 1056 107 71 listes.

375 1119 1264 76 75. KEPLER (Johann), un des créateurs de l’astronomie,

462 1183 587 58 moderne, n. 1571, m. 1630.

504 1251 1130 61 Fin de lettre aut. sig., en latin, à Calvisius, à Leipzig; 13 no¬

462 1292 512 71 vembre 1610, 1 p. 1/2 in-fol.

484 1338 1150 83 Superbe lettre scientifique, dont le premier feuillet manque malheu¬

445 1394 195 49 reusement.

367 1462 1264 76 76. KLESELIUS (Melchior, cardinal), évêque de Vienne,

462 1514 195 65 m. 1630.

499 1584 1135 76 L. a. s.; Vienne, 23 janvier 1612, 1 p. in-fol., cachet très bien

457 1630 451 56 conservé. Superbe pièce.

367 1686 1264 93 77. KOLLONITZ (Léopold, cardinal de), primat et grand

460 1759 867 64 chancelier de Hongrie, n. 1621, m. 1707.

496 1813 1130 88 L. s., en italien, avee la souscript. aut., au cardinal Chigi ;

460 1867 611 70 Vienne, 5 déc. 1686, 1/2 p. in-fol.

365 1944 1264 86 78. KOLLONITZ (Sigismond, cardinal), premier archevêque

462 2008 621 63 de Vienne, n. 1677, m. 1751.

491 2061 863 81 L. a. s., en italien, au Pape; (1728), 1 p. in-fol.

472 2122 1064 73 Superbe lettre où il le remercie de sa promotion au cardinalat.

362 2195 1267 100 79. KUTASSY (Jean), chancelier de Hongrie sous l’empereur

462 2271 843 90 Rodolphe II, habile diplomate, m. 1601.
