1929 2879
371 436 1176 118 quelles il prie Gautier de choisir : L'Outre de la volupté, la Fontaine de

369 501 660 50 sang, l’Artiste inconnu, Voyage à Cythère.

278 587 621 75 16. BAUDELAIRE (Charles).

407 650 1082 74 L. a. s. à Louis Ulbach; 11 août 1854, 1 p. in-4. Belle pièce.

275 748 636 70 17. BAUDELAIRE (Charles).

410 832 712 77 Pièces de vers aut. sig., 9 p. 1/4 in-fol.

395 885 1147 62 Voici les titres des pièces de vers : Les Deux crépuscules de la Grande.

357 930 1183 60 ville : — Le Soir; — La Robe trouée de la mendiante rousse; — La Rançon;

357 969 1183 57 — Le Vin des chiffonniers; — Le Reniement de Saint-Pierre; — La Caravane

357 1005 457 53 des Bohémiens; — La Mort.

273 1089 965 74 18. BERNHARDT (Sarah), la célèbre actrice.

403 1151 623 77 L. a. s. à Louis Ulbach, 1 p. in-32.

271 1235 1269 91 19. BEUST (Frédéric-Ferdinand, baron de), le célèbre

371 1300 564 84 homme d’État autrichien.

400 1372 871 77 3 l. a. s., en français, à Louis Ulbach, 4 p. in-8.

266 1461 1271 76 20. BLANC (Louis), le célèbre homme d’État et historien.

403 1518 1137 84 L. a. s. à Louis Ulbach; Londres, 6 oct. 1869, 7 p. in-4, écrites

359 1585 459 65 sur des feuillets séparés.

386 1648 1154 100 Très intéressante lettre ou il doume des renscignements sur sa vie à

347 1684 159 57 Londres.

266 1756 1274 91 21. BONAPARTE (Pierre-Napoléon), fils de Lucien, fameux

359 1828 691 69 par le meurtre de Victor Noir.

395 1883 1135 84 L. a. s. (à Lamartine); Val de Luzzobio, 25 nov. 1857, 2 p.

357 1938 94 55 in-8.

381 1991 1152 74 Très curieuse épitre où il le remercie des compliments qu’il lui a

350 2036 1175 60 adressés sur ses informes essais. « Qui m’eût dit que ces jours d’en¬

350 2072 1178 63 thousiasme où, mélé à tout un peuple, je défilais en brandissant mes

350 2113 1178 60 armes, ivre d’espoir, devant le gouvernement provisoire de la Répu¬

352 2154 1178 48 blique, qui m’eût dit que ces jours aboutiraient à un temps où les.

357 2188 1166 50 amis de la liberté n’ont d’autre ressource que de se replier douloureu¬

350 2221 1178 58 sement en eux-mêmes et d’aller chercher une autre patrie! » Il se¬

347 2260 1181 57 rait heureux de le voir en Corse. En l'entendant parler de la Syrie, il

347 2293 1176 91 s'est demandé s’il ne devrait pas suivre son exemple, « surtout si je

827 362 139 79 — 3—
