1825 2925
956 392 156 51 — 6 —

527 450 1141 71 Charmante épitre où il le remercie de ce qu’il a dit du Passant.

531 487 1135 76 Vous dites de mes vers : c'est-du Coppée. Merci. Je tâcherai de faire

495 514 1178 80 de ce nom, encore bien humble, celui d’un poète, sincère, ému, et qui

497 567 744 69 ne restera indifférent à aucune souffrance. »

414 641 1267 90 26. CORVETTO (Louis, comte), célèbre homme d’État, minis¬

512 689 1086 83 tre des finances sous Louis XVIII, n. 1756, m. 1822.

548 770 1096 78 L. a. s. à Napoléon 1er, Paris, 30 messidor an XIII, 4 p. in-fol.

541 823 1144 91 Superbe lettre où il le remercie, en termes lyriques, de l'avoir nommé

505 882 1083 73 chevalier de la Légion d'honneur et désigné pour le Conseil d'État.

419 945 1266 112 27. CUVIER (Georges), l’illustre naturaliste, n. 1769, m. 1832.

551 1021 1044 88 L. a. s. au comte Chabrol ; Paris, 4 nov. 1820, 1 p. in-fol.

534 1082 1147 97 Curieuse épître confidentielle où il se plaint que, par un horrible abus

507 1138 1174 75 de confiance, on ait substitué à la liste des boursiers de la ville de Paris.

507 1177 1174 73 dans les collèges de province, arrêtée par lui, une liste fausse. — On a

507 1211 1176 76 joint une autre lettre signée de Cuvier, du 10 décembre 1820, et trois

507 1260 673 80 minutes de rapports sur la même affaire.

426 1323 1267 105 28. CZARTORYSKA (Marie), femme du prince de Wurtem¬

524 1372 1169 102 berg, avec lequel elle divorça en 1792, célèbre patriote

524 1438 1003 83 polonaise, auteur de Malvina, n. 1765, m. 1854.

563 1496 969 88 L. a. s., en français, à Norblin, 1 p. in-8. Jolie lettre.

431 1584 1272 93 29. DARTIGOEYTE (Pierre-Arnaud), député des Landes à la

527 1650 1068 90 Convention, membre du Comité de sûreté générale.

566 1703 1134 86 Arrêté du Comité de sureté générale sig. par lui et par Alquier

524 1759 1100 74 et Julien de Toulouse; 17 août 1793, 3/4 de p. in-4, tête impr.

434 1842 1132 88 30. DÉSIRÉE, reine de Suède, femme de Bernadotte.

575 1896 1128 112 L. s. au prince de Chimay; Stockholm, 3 juin 1836 3/4 de p.

529 1984 107 68 in-4.

556 2006 1151 107 Belle lettre relative à la demande quil lui a adreasée en faveur d’un

517 2086 195 66 de ses fils.

439 2142 1268 98 31. DESSAIX (Joseph-Marie, comte), célèbre général, défen¬

534 2203 1173 102 seur de la Savoie en 1814, n. à Thonon (Savoie), 1764,

534 2271 200 110 m. 1834.
