1896 2908
933 365 167 78 — 24 —

526 465 1137 68 L. s., en français, à TALLEYRAND; Paris, 8-20 mai 1814, 1 p. 1/4

492 496 111 61 in-fol.

518 552 1137 131 Superbe lettre où il le félicite sur sa nomination au ministère des

477 586 1028 104 Affaires étrangères et préjuge tout le bien qui doit en résulter.

366 680 1297 73 118. NEVERS (Henriette de CLÈVES, duchesse de), héritière

492 729 1163 75 du duché de Nevers, épouse de Louis de Gonzague,

489 777 1164 105 fameuse par sa liaison avec l’infortuné comte de Coconas,

487 826 196 65 m. 1601.

528 896 1127 104 L. a. s. à Catherine de Médicis ; 16 mai (1586), 1 p. 1/2 in-fol.

484 947 182 58 Très rare.

516 986 1130 121 Superbe lettre où elle proteste, en son nom et celui de son mari,

475 1049 645 56 de leur reconnaissance envers la Reine.

366 1112 1292 114 119. NEY (Michel), prince de la Moskowa, illustre maréchal de

484 1177 718 68 l’Empire, n. 1769, fusillé en 1815.

518 1243 849 68 L. s. à Portalis ; Paris, 8 mai 1808, 1 p. in-fol.

514 1298 1127 109 Curieuse épître où il donne ses nom, prénom, date et lieu de nais-

470 1359 383 56 sance et ses armoiries.

366 1420 1287 84 120. NOAILLES (Alexis, comte de), célèbre diplomate, plé¬

482 1492 1171 61 nipotentiaire au congrès de Vienne en 1815, ministre

480 1543 1054 75 d’Etat sous Louis XVIII, n. à Paris, 1783, m. 1835.

521 1604 1127 111 L. aut. à sa tante, la princesse de Poix; Vienne, 14 mars 1815,

475 1655 482 70 2 p. 1/2 in-4, cachet brisé.

501 1696 1145 97 PIÈCE HISTORIQUE où il relate l’impression produite à Vienne par la

472 1771 1174 53 nouvelle du débarquement de Buonaparte. Cette poignée d’hommes est

472 1807 1174 54 un sujet d’inquiétude et de trouble pour toute l’Europe. Il faut agir. Le

470 1841 1173 56 duc de Wellington et le prince de Schwarzenberg sont prêts à comman¬

470 1878 1173 58 der leurs armées. « Jamais Buonaparte ne régnera, mais notre pays

467 1912 1176 55 renfermera-t-il des honnêtes gens assez faibles et des mauvais citoyens

470 1950 1176 54 assez déshonorés pour l’accueillir? Alors toutes les vengeances fondent

475 1984 1166 56 sur nous, des armées accourent. Plus de trophées ! plus de museum !

472 2023 1171 48 plus de légion d’honneur! plus de rang parmi les nations ! Tout est dé¬

463 2057 1180 51 ruit, arraché, flétri. Voilà la dernière influence de l’homme de l’isle

465 2091 1181 58 d’Elbe. Il peut encore avoir rapport avec notre bonheur et notre gloire

463 2125 1142 65 et s’il trouve faiblesse, il peut tout bouleverser, tout deshonorer... »

356 2200 1285 85 121. NUBAR-PACHA (N.), célèbre homme d’État égyptien,

482 2268 996 87 premier ministre du vice-roi Ismaïl, n. 1825.
