1904 2908
950 356 177 42 — 30 —

514 399 1166 90 Louis-Stanislas-Xavier de France, appelé au trône des Français, ait

494 469 614 47 accepté la charte constitutionnelle. »

392 533 1291 77 150. TARTINI (Giuseppe), célèbre compositeur de musique

514 588 803 95 et violoniste italien, n. 1692, m. 1770.

548 659 1130 82 L. a. s. à Naumann, à Dresde; Padoue, 30 mars 1769, 1 p. in-4.

511 700 185 60 Très rare.

536 758 1135 73 TRÈS INTÉRESSANTE LETTRE, toute relative à son Trattato di musica secondo

494 809 1174 63 la vera scienza dell' armonia (qui avait paru en 1754 et qui était l’opposé

497 843 1174 63 de celui de Rameau). Il se plaint que Jean-Jacques Rousseau ait fait un

497 882 1174 60 compte rendu partial et défavorable de son système musical dans le

494 916 410 65 Dictionnaire de musique.

385 974 1286 94 151. TERMES (Paul de La BARTHE, seigneur de), maréchal

504 1039 1157 80 de France, qui perdit la bataille de Gravelines en 1559,

502 1090 194 63 m. 1562.

540 1138 1123 100 L. s. à Cornelio Bentivoglio; Florence, 18 sept. 1553, 3/4 de p.

499 1206 667 66 in-fol., cachet. Superbe et rare pièce.

373 1248 614 123 152. THÉATRE-FRANÇAIS.

536 1352 1125 80 L. s. par Vanhove, Brizard, Bellecour, Préville, Molé, Dugazon,

487 1398 485 65 Dazincourt, etc., 1 p. in-4.

521 1446 1142 87 Importante pièce relative à l'acquisition d'un terrain pour construire

482 1502 638 87 les magasins de la Comédie-Francaise.

375 1575 1276 111 153. THIERRY (Augustin), l'illustre historien, n. à Blois, 1795,

492 1638 196 65 m. 1856.

431 1691 1225 90 Fragment autographe d’un de ses manuserits, certifié par son

494 1749 735 75 frère Amédée Thierry, 2 p. in-fol. Rare.

366 1817 1285 102 154. THIERS (Adolphe), premier président de la troisième

489 1880 830 78 République française, n. 1797, m. 1877.

526 1945 1011 83 L. a. s. à M. Thomas; Paris, 23 avril 1834, 5 p. 3/4 in-4.

506 2006 1138 75 PRÉCIEUSE LETTRE POLITIQUE écrite après l’insurrection de Paris des

468 2059 1174 66 13 et 14 avril. Il n’a accepté le ministère de l’intérieur que sur la volonté

468 2098 1171 58 formelle de ses amis politiques. « Je connaissais heureusement tous les

465 2134 1177 59 ressorts de ce vaste ministère et je n’ai pas été surpris en y arrivant au

468 2176 1171 55 milieu d’une crise. Je m’en suis tiré, après avoir failli être tué, car j’ai

465 2207 1167 58 eu deux personnes tuées à mes côtés. Nous sommes maîtres du terrain.

465 2241 1174 90 Nos ennemis sont abattus et ont aujourd’hui peu d’espoir de nous
