1817 2892
851 351 162 61 — 14 —

460 424 1118 72 L. a. s. à Bouthillier; La Rochelle, 5 octobre (1628), 1 p. in-4,

415 472 267 50 cachets brisés.

429 503 1156 85 Superbe lettre ou il le félicite de ce que le Roi l'a pouvru de la charge

398 566 1177 65 de secrétaire d’Etat. Information sur le passage du marquis de La Force

402 607 621 55 par le Berri avec toute sa compagnie.

320 648 1255 108 70. MARRON (Paul-Henri), célebre pasteur calviniste, n. 1754,

410 727 193 82 m. 1832.

446 785 1136 87 L. a. s. au professeur Te Water; Paris, 13 mars 1806, 1 p. 1/4.

405 850 104 51 in-4.

429 874 1156 121 Belle lettre où il le prie d'aider Tissot dans ses recherches sur Jean

395 932 138 72 Second.

318 992 1262 92 71. MARMONT (Anguste-Frédéric-Louis VIESSE de), duc de

417 1072 1035 70 Raguse, maréchal de l'Empire, n. 1774, m. 1852.

441 1127 1093 78 L. s. à KLÉBER ; Elowa, 5 vendémiaire an VIII, 1 p. 1/4 in-4.

431 1180 1144 82 Intéressante lettre écrite pendant la campagne d’Egypte. Ses troupes

402 1243 1171 58 sont dans une grande disette. « L'exemple que vous avez donné aux

402 1282 1173 72 villages des environs par la punition de Birké, otera, j’imagine, aux

405 1318 622 58 habitants l’envie de nous contrarier. »

316 1364 1264 91 72. MASSENBACH (Christian von), colonel prussien, célèbre

419 1441 1163 62 tacticien et historien militaire, condamné en 1817 à

415 1491 1160 65 quatorze ans de prison pour violation de secrets d’État,

410 1535 379 82 n. 1768, m. 1827.

448 1607 871 65 L. a. s. ; 9 décembre 1821, 1 p. in-4. Belle pièce.

318 1689 1260 72 73. MASSENET (Jules), le célèbre compositeur de musique.

431 1747 915 84 L. a. s. à son ami; Etretat, 9 août 1886, 3 p. in-8.

431 1814 1149 77 Jolie lettre où il mande qu’il va à Vienne pour suivre les études du

395 1865 232 65 Cid à l’Opéra.

325 1930 1257 79 74. MAXIMILIEN-JOSEPH, duc de Deux-Ponts, créé roi de

422 1988 1078 77 Bavière par Napoléon Ier en 1806, n. 1756, m. 1825.

451 2053 1129 77 4 l. a. s., en francais, à Rumford (le célèbre philanthrope) ;

410 2096 374 65 1802-1805, 4 p. in-8.

443 2132 1142 171 Epîtres intimes où Maximilien-Joseph approuve les plans de Rumford

405 2202 1173 114 et le prie d'accepter les fonctions de président de l'Académie de

400 2246 133 60 Munich.
