1875 2900
907 364 147 78 — 2 —

452 466 1178 65 dans l’affaire de Rome sera enlevé par l’admirable discours de Monta¬

454 495 1176 77 lembert, mais il n’y aura pas de vraie réconciliation avec le président.

452 534 1181 62 « Voilà les républicaius de toute nuance rangés en bataille pour défen¬

459 567 1171 73 dre la Constitution et, si on la laisse subsister avec son suffrage univer¬

454 599 1179 89 sel, nous tomberons infailliblement dans l’anarchie et sous la tyrannie

450 654 268 56 démagogique. »

399 715 1236 94 4 BARCLAY DE TOLLY (Michel, prince), célèbre feld-ma¬

471 770 1164 85 réchal russe, adversaire de Napoléon l er dans les cam¬

469 828 941 80 pagnes de 1812 et de 1813, n. 1759, m. 1818.

505 882 1028 87 P. s. ; Reichenbach, 14-26 juilet 1813, 1 p. in-fol. oblong.

396 976 1244 92 5. BARÈRE (Bertrand), célèbre conventionnel, l’infatigable

474 1031 1163 92 rapporteur du Comité de salut public, n. 1755, m. 1841.

508 1082 1083 102 L. a. s. (à Louis Bonaparte) ; Paris, 18 mars 1806. 1 p. in-4.

500 1157 1145 87 Piquante épitre d’envoi de ses Eloges dcadémiques au digne frère du

466 1213 1021 77 grand Napoléon, qui fait la gloire et le bonheur des Français.

404 1297 1236 102 6. BEAUHARNAIS (Eugène de), vice-roi d’Italie, n. 1781,

476 1363 199 62 m. 1824.

508 1425 854 97 L. a. s. à Berthier; (14 sept. 1809), 1/2 p. in-8.

406 1503 1244 96 7. BEAUHARNAIS (Hortense de), reine de Hollande, mère

479 1566 733 74 de Napoléon III, n. 1783, m. 1837.

512 1611 1135 109 L. s. à M. d’Ahorner; Arenenberg, 29 déc. 1831, 3/4 de p. in-8.

411 1711 1236 87 8. BELLOY (Jean-Baptiste, cardinal de), évêque de Mar¬

488 1769 1053 89 seille, puis archevêque de Paris, n. 1709, m. 1808.

522 1819 1050 104 L. a. s. au général Lefebvre ; 30 brumaire an XI, 1 p. in-4.

508 1899 1146 87 Belle lettre où il lui mande qu’il donnera un canonicat à l’abbé Guil¬

469 1955 806 62 lou, son protégé, dès qu’une place sera vacante.

416 2029 1243 80 9. BERNADOTTE (Jean-Baptiste-Jules), célèbre général

486 2078 1168 97 républicain et maréchal de l’Empire, roi de Suède,

488 2143 380 70 n. 1764, m. 1844.

522 2175 956 101 L. a. s. à NEY; Landau, 11 nivôse an VII, 1 p. in-fol.

512 2264 1002 94 Superbe lettre où il l’assure de son estime et de son amitié.
