1833 2908
741 358 168 70 — 29—

283 455 1181 53 tués, parmi lesquels Montbrun, Caulaincourt, Compère et Plauzonne.

286 487 1180 58 « L’Empereur n'a point été exposé dans cette mémorable journée. Aucun

288 523 1181 61 corps de la garde impériale, soit à pied, soit à cheval, n'a donné et elle

283 564 541 56 n'a pas perdu un seul homme. »

184 639 628 90 143. BERTHIER (Alexandre).

337 707 865 73 L. s. à Clarke; Moscou, 30 sept. 1812, 1 p. in-4.

315 763 1161 92 Il lui fait part d'un décret de l'Empereur, du 29 septembre, relatif

286 816 1190 58 aux officiers et aux sous-olllciers formant les cadres du 2 bataillon de

288 855 475 56 marche du 3e corps d'armée.

186 930 628 87 144. BERTHIER (Alexandre).

339 1000 1132 66 L. s. au duc de Castiglione (Augereau); Kœenigsberg, 28 décem¬

298 1046 441 66 bre 1812, 2 p. 1/2 in-4.

324 1105 1145 60 PIÈCE HISTORIQUE sur la fin de la campagne de Russie. Il mande que

288 1143 1178 66 la division Heudelet et la brigade Cavaignac sont les seules forces

290 1180 1176 58 en état d’agir et protègent la rentrée du 10e corps, qui est encore sur

290 1218 1169 56 la rive droite du Niémen à couvrir Kœnigsberg et à arrêter l’ennemi.

290 1252 1179 63 Il espère que le maréchal duc de Tarente va forcer le passage du Nié¬

290 1286 1179 58 men. « Notre mal est de n’avoir plus de cavalerie. Dans la retraite de

293 1323 1176 65 Moscou ici nous avons éprouvé jusqu’à 27 degrés de froid. Aussi les

295 1359 1174 63 quatre cinquièmes des 1er, 2e, 3e, 4e, 5e, 8e et 9e corps sont morts ou

295 1393 1174 65 ont les pieds ou les mains gelés. Le reste s’est débandé par le froid en

295 1429 1174 61 courant les villages sans ordre. » Il le charge de faire arrêter et juger

295 1466 1174 75 tous les fuyards qui commettent des excès et déshonorent le nom fran¬

293 1507 82 58 cais.

193 1570 1283 75 145. NEY (Michel), prince de la Moskowa, illustre maréchal

303 1630 773 71 de l’Empire, n. 1769, fusillé en 1815.

339 1679 1132 92 L. s. au maréchal (Marmont); Neu Jaschuitz, 20 août 1813.

303 1744 249 71 1 p. 1/2 in-4.

327 1783 1144 87 PIÈCE HISTORIQUE où il lui mande que l’attaque de l’ennemi contre le

293 1844 1178 65 maréchal duc de Tarente avant forcé celui-ci à se séparer du général

293 1882 1181 61 Lauriston, il en résulte que l’ennemi pourrait concentrer ses forces et

295 1921 1174 56 accabler une de nos colonnes. Il le prie donc de passer sur le champ

293 1955 1178 53 sur la rive gauche de la Bober et de se diriger sur Gorlitz, base de la

290 1989 1179 61 ligne d’opération de l’Empereur. — (Le même jour Ney et Marmont re¬

290 2025 1065 68 poussèrent le corps de Blucher, qui battit en rétraite le 22 août.)

203 2093 1273 90 146. LEFEBVRE-DESNOETTES (Charles, comte), célèbre

305 2154 1169 70 général, condamné à mort par contumace en 1816, n. à

307 2205 1164 92 Paris, 1773, mort dans un naufrage sur les côtes d’Ir¬

307 2258 308 95 lande en 1822.
