1850 2888
961 353 173 72 — 30 —

566 442 1127 85 L. s. (à Berthier); Freyburg, 2 octobre 1813, 9 heures du matin,

525 486 171 77 2 p. in-4.

546 546 1140 55 Très intéressante lettre sur la campagne de Leipzig. Le grand mou¬

517 582 1166 55 vement du prince de Suède (Bernadotte) a eu lieu, dit-on. Il envoie des

510 620 1171 49 éclaireurs pour s’en assurer. Tant qu’il n’a pas à agir offensivement sur

510 659 1176 58 les derrières de Czernicheff, il n’a pas besoin de troupes qui

515 693 407 62 sont sous ses ordres.

407 770 672 81 147. ARRIGHI (Jean-Toussaint).

558 837 1137 67 L. s. (à MURAT); Leipzig, 12 octobre 1813, neuf heures et demie

520 890 392 53 du matin, 2 p. in-fol.

541 916 1150 87 Pièce historique où il proteste de son dévouement à exécuter ses

508 984 1183 53 ordres. Il désire savoir s'il doit abandonner Leipzig pour se joindre à

508 1020 1091 60 l’armée du roi de Naples. Il a reçu à ce sujet des ordres différents.

399 1099 1292 77 148. MARMONT (Auguste-Frédéric-Louis VIESSE de), duc de

520 1147 1033 73 Raguse, maréchal de l’Empire, n. 1774, m. 1852.

554 1205 1134 80 L. s. (à MURAT); Delitzsch, 13 octobre 1813, 3 heures du matin,

520 1270 185 56 1 p. in-4.

539 1309 1144 82 PIÈCE HISTORIQUE, écrite trois jours avant la bataille de Wachau et cinq

501 1371 1177 58 jours avant celle de Leipzig. Il reçoit l’ordre de l’Empereur de se rap¬

505 1405 1176 58 procher de Leipzig et de le soutenir, s’il en était besoin. « Mes troupes

503 1439 1178 72 seront en marche avant le jour et je me dirigerai sur Hohlein, route de

505 1477 314 60 Duben à Leipzig. »

399 1542 1128 89 149. HAMELINAYE (le baron Jean), célèbre général.

558 1624 1133 58 L. s. à M. de Latour du Pin, sous-préfet de Sens; Troyes, 1er fé¬

513 1670 455 74 vrier 1814, 1 p. 1/2 in-4.

537 1715 1146 73 PIÈCE HISTORIQUE où il mande que l’ennemi a été chassé d’Auxonne

505 1771 1178 53 par le général Bourmont et que l’Empereur a battu les alliés à Brienne

501 1807 1177 53 l’avant-veille. « Vous pouvez rassurer vos habitants. L’Empereur fera

503 1841 1178 53 retirer les ennemis et si les Français connaissent aujourd’hui leurs véri¬

505 1877 1178 48 tables intérèts et s’arment contre eux, les armées étrangères seront

505 1910 701 68 détruites avant d’avoir repassé le Rhin... »

399 1978 1284 101 150. DOUMERC (Jean-Pierre, baron), célèbre général, n. 1767,

517 2040 198 70 m. 1847.

551 2096 952 98 P. a. s. ; les grands Essarts, 9 fév. 1814, 2 p. 1/4 in-4.

539 2180 1144 58 Rapport sur les positions prises par lui. « Le canon a tiré vivement

501 2209 1177 96 dans l'après-midi. On croit que c'était dans la direction de Montmi¬

501 2288 110 29 rail. »
