1892 2900
379 444 1111 70 55. FRANÇOIS Ier, roi de France, n. 1494, m. 1547.

510 490 1132 92 L. s. au pape Léon X. Amboise, 11 avril (1518), 1/2 p. in-foi.

471 560 586 56 (cachet. Très légère tache d’eau.

491 609 1149 70 SueEnbE LETTRE où il prie le Pape d’accorder au frère Guion de Ful

462 662 1178 55 gures l’abbaye de Buscadon, de l’ordre de Saint-Benoit, diocèse du

462 698 179 51 Dauphiné.

372 768 1273 75 156. FRÉDÉRIC-GUILLAUME III, roi de Prusse, adversaire

469 824 739 65 de Napoléon Ier, n. 1770, m. 1840.

505 889 1137 77 P. s.; Aix-la-Chapelle, 19 nov. 1818, 1/2 p. in-fol., tête impr.

466 937 453 58 et cachet. Superbe pièce.

372 1014 1273 73 57. GALIANI (l’abbé Ferdinand), célèbre économiste, auteur

469 1068 1173 58 du Dialogue sur le commerce des blés, ami et correspon¬

471 1116 828 80 dant de Mme d’Épinay, n. 1728, m. 1787.

505 1179 1135 77 L. aut. en français, à d’ALEMBERT; Naples, 25 sept. 1775, 4 p.

466 1222 97 58 in-4.

493 1288 1144 62 TRÈS CURIEUSE LETTRE, où il parle des attaques contre les Jésuites. «Ils

454 1324 1183 60 sont finis. Ils finissent commne des Templiers, après avoir été insultés

454 1370 1181 53 quinze ans comme des Cappucins. Il faut avoir l'imagination bien frap¬

454 1408 1176 44 pée de leurs cruautés pour ne pas s'attendrir sur celles qu'ils éprouvent.

457 1442 1178 51 J'attribuois autre fois les cruautés faites aux Templiers à la barbarie du

454 1476 1181 51 siècle. J’étois un sot. La crainte et l’avidité sont et seront toujours

454 1510 1179 53 les causes de la cruauté. Il est impossible d’attaquer des êtres puis¬

457 1546 793 63 sants et riches sans crainte et sans cupidité... »

370 1599 1265 90 58. GAMBETTA (Léon), le célèbre homme d’État, n. 1838.

474 1674 203 70 m. 1885.

508 1732 810 99 L. a. s. à M. David, 23 juillet 1867, 1 p. in-8.

375 1812 1260 77 59. GENTZ (Friedrich von), célèbre publiciste et homme

469 1877 1164 85 d’Etat prussien, adversaire de Napoléon Ier, n. 1764,

471 1926 196 58 m. 1832.

503 2003 948 58 L. a. s. à un ami; Berlin, 27 févr. 1795, 3 p. 1/2 in-4.

486 2044 1147 75 Très intéressante lettre toute relative à la traduction d’un ouvrage de

457 2100 1168 58 Camille Jordan. Il fait un grand éloge de ce publiciste, dont les écrits,

457 2141 1176 67 dit-il, sont des chefs-d’œuvre d’une logique irréfutable et d’un style,

454 2172 167 53 excellent.

367 2223 1268 126 60. GIE (Pierre de ROHAN, seigneur de), maréchal de

914 355 169 82 — 12 —
