1883 2892
491 443 1170 70 Jambe de bois, héroïque défenseur de Vincennes en 1814

494 482 897 77 et en 1815, n. à Périgueux, 1777, m. 1832.

530 554 646 99 L. s.; 30 sept, 1824, 3/4 de p. in-4.

395 636 1263 94 35. DÉJAZET (Virginie), la célèbre actrice, n. 1798, m. 1875.

537 715 868 75 21 l. aut., la plupart signées, 49 p. in-8 ou in-18.

397 819 528 63 36. DÉJAZET (Virginie).

532 860 586 91 Pièce aut sig.; 1872, 4 p. in-fol.

520 944 1133 68 Très curieuse pièce où Déjazet répond à une sorte de questionnaire.

491 992 1160 53 Voici quelques-unes des questions avec la réponse : Votre poète favori ?

487 1019 1169 63 Victor Hugo. — Quels sont vos auteurs préférés? Alexandre Dumas !

487 1062 1169 58 Balzac! — Quels sont vos héros et vos héroïnes de l’histoire? Napo¬

484 1096 1172 60 léon I er! Jeanne d’Arc ! — Vos héros et héroïnes du théâtre ? Talma !

484 1132 1172 56 Potier! Mars ! Rachel ! Dorval ! — Quelle serait votre ambition ? Pouvoir

487 1168 990 65 venger mon pays! — Votre devise? Bien faire et laisser dire.

397 1255 538 92 37. DÉJAZET (Virginie).

537 1330 1129 67 Dessin à l’aquarelle représentant une marine; sur la voile d'un

496 1373 687 82 des baeaux Déjazet a inscrit son nom.

400 1450 1261 73 38. DESHOULIÉRES (Antoinette-Thérèse), fille de la célèbre

496 1506 1165 72 poétesse, auteur de chansons et de madrigaux publiés

499 1552 966 74 avec les Œuvres de sa mère, n. 1662, m. 1718.

530 1607 547 106 L. a. s. à M..., 2 p. in-8. Rare.

523 1687 1133 91 Jolie lettre où elle le remercie de la bienveillante manière dont il a

489 1732 1037 68 parlé d'elle, et lui demande la conservation des mêmes bontés.

400 1831 1263 68 39. DEVIENNE (dom Claude-Jean-Baptiste d’AGNEAUX) cé¬

496 1867 1165 75 lèbre bénédictin, historien de Bordeaux, n. à Paris, 1728,

499 1932 188 85 m. 1792.

532 1997 972 63 P. a. s.; Château-Gontier, 4 novembre 1765, 3 p. in-4.

518 2048 1143 75 Pièce des plus curieuses où dom Devienne se plaint d’avoir été gros¬

484 2101 1177 60 sièrement insulté et calomnié par des jeunes gens et des filles, et

482 2140 1174 55 demande à poursuivre ses calomniateurs. — Une note du supérieur

484 2173 1177 61 général est jointe. Elle est très défavorable à dom Devienne, qui y est

487 2209 1169 73 représenté comme avant l’habitude de se conduire d’une façon peu

484 2246 909 84 conforme à son état, sans décence, sans subordination.

933 344 151 65 — 8 —
