1917 2925
768 390 175 56 — 21 —

219 470 1285 68 101. MARIE-CLOTILDE DE FRANCE, reine de Sardaigne,

339 504 1038 85 sœur de Louis XVI, béatifiée, n. 1759, m. 1802.

375 565 1134 90 L. a. s., en italien (au cardinal Consalvi) ; Naples, 11 juin 1801,

331 641 495 65 3/4 de p. in-4. Jolie pièce.

224 675 1290 119 102. MARIE D’AUTRICHE, sœur de Charles-Quint, reine de

341 753 1168 85 Hongrie, gouvernante des Pays-Bas, une des plus illustres

343 811 520 95 princesses du XVIe siècle.

385 867 1129 83 L. a. s. à l’Empereur son frère (Ferdinand Ier); 10 mai1558, 1 p.

343 926 613 61 in-fol., trace de cachet. Très rare.

368 957 1149 98 PRÉCIEUSE LETTRE. Elle exprime son contentement de ce qu’après l’abdi¬

334 1016 1183 73 cation de son frère (Charles-Quint) il a été élu empereur d’Allemagne

336 1055 1029 80 sans difficulté. Elle lui donne ensuite des nouvelles de sa santé.

234 1101 1285 110 103. MARIE-ANNE D’AUTRICHE, reine d’Espagne, fille de

348 1174 1169 100 l’empereur Ferdinand III, femme de Philippe IV,

348 1240 405 81 n. 1634, m. 1696.

385 1274 1134 105 L. a. s. à la reine Anne d’Autriche ; Madrid, 7 mars 1660, 1 p.

351 1360 234 63 in-fol. Rare.

373 1394 1151 88 Superbe lettre de condoléances sur la mort du duc d’Orléans (frère de

343 1457 210 76 Louis XIII).

236 1499 1288 102 104. MARIE-JOSÈPHE-AMÉLIE DE SAXE, reine d’Espagne,

356 1564 1121 93 troisième femme de Ferdinand VII, n. 1803, m. 1829.

395 1638 1136 82 L. a. s., en français, à Louis XVIII; Montpellier, 21 septembre

365 1696 771 68 1819, 1 p. in-4. Très rare.

378 1733 1151 87 Superbe lettre où elle exprime le regret de passer par la France sans

346 1791 702 83 avoir le bonheur de faire sa connaissance.

243 1847 1293 100 105. MARIE-AMÉLIE DE LEUCHTENBERG, impératrice du

360 1906 1176 90 Brésil, fille d’Eugène de Beanharnais, seconde femme de

360 1974 405 73 Pedro Ier, n. 1812.

404 2015 1134 86 L. a. s. à l’infante Dona Anna de Jésus Maria ; 2 août 1835, 1 p.

360 2096 176 56 pl. in-8.

399 2123 1135 87 Jolie lettre où elle la remercie du charmant cadeau qu'elle lui a fait à

363 2181 563 68 l'occasion du jour de sa naissance.

246 2237 1288 122 106. MASSÉNA (André), duc de Rivoli et prince d’Essling,
