1892 2892
530 453 1137 60 L. a. s. à la marquise de Quierjan; Saint-Cyr, 8 novembre

491 486 395 70 (1704?), 1 p. 1/2 in-4.

513 537 1152 75 Très belle lettre où elle parle du cardinal de Noailles et de M. de

486 580 157 61 Quierjan.

392 653 1271 84 96. MAISON (Nicolas-Joseph, marquis), maréchal de France,

496 715 376 58 n. 1771, m. 1841.

523 737 1084 116 L. a. s; Purin, 30 nivôse an XII. 1 p. 3/4 in-fol,  têt e impr.

513 841 1150 77 Belle lettre, signée J. Maison et écrite comme adjudant-commandant.

395 906 851 103 97. MAISON (Nicolas-Joseph, marquis).

530 995 1135 94 1° L. aut. à son cher Eugène; Vienne, 25 avril 1831, 3 p. 1/4

491 1019 99 79 in-4.

510 1096 1153 65 Très intéressante lettre sur son ambassade en Autriche. Il raconte son

477 1139 1178 78 entrevue avec l’Empereur qui lui a exprimé le désir de rester en paix.

527 1185 1128 109 2° P. s., avec 2 lignes aut. ; Paris, 17 mai 1818, 3/4 de p. in-4.

486 1229 246 69 Intéressante.

390 1303 851 89 98. MAISON (Nicolas-Joseph, marquis).

527 1392 1128 80 4° 2 l. a. s. ; 1816 et 1836, 3 p. in-fol. ou in-8. — 2° L. s.;

484 1431 499 63 5 sept. 1835, 2 p. 1/2 in-fol.

388 1513 1270 82 99. MARIA BARBARA, reine d’Espagne, femme de Ferdi¬

506 1561 161 75 nand VI.

523 1621 1130 87 L. a. s. au roi Louis XV, Buen Retiro, 8 août 1746, 1 p. in-4,

482 1684 402 80 cachets et soies. Rare.

503 1694 1160 123 Superhe lettre de compliments à l'occasion du départ d'un nouvel

467 1778 735 60 ambassadeur d'Espagne, le duc de Huescar.

361 1814 1294 118 100. MARE LECZINSKA, reine de France, femme de

486 1899 598 67 Louis XV, n. 1703, m. 1768.

520 1947 1128 91 Réponse de deux pages autographes en marge d’une lettre aut.

479 2021 1164 66 sig. du Cardinal de Fleury, datée de Fontainebleau, 12 octobre,

474 2058 265 67 2 p. 1/4 in-4.

503 2108 1138 68 Curieuse pièce où le cardinal de Fleury donne à la reine des détails

467 2156 1174 53 sur le roi qui vient de partir pour une chasse au sanglier, et mande

462 2193 1179 55 que le bruit de la mort du roi de Prusse a couru. La reine répond

469 2229 1169 55 qu’elle n’est pas étonnée de ce que le cardinal lui mande du roi, « car

469 2267 1169 82 il est charmant. » Elle attend avec impatience mereredi pour le voir.

932 349 174 84 — 20 —
