1892 2925
826 411 137 57 — 5 —

399 477 639 69 L. a. s. ; 14 août 1809, 1/2 p. in-4.

265 548 1278 85 21. CLAY (Henry), célèbre homme d’Etat américain, un des

368 614 1165 68 champions de l’émancipation des noirs, n. 1777,m. 1852.

397 663 1139 99 L. a. s. à M. Featherstonhaugt; Washington, 10 fév. 1839, 1 p.

360 716 366 73 1/2 in-8, enveloppe.

390 782 1143 66 Très intéressante lettre où il dément des bruits relatifs à une conver¬

355 821 1181 63 sation avec M. Papineau relativement aux relations entre le Canada et

355 860 1173 63 la Grande-Bretagne. Il déclare que les Etats-Unis n’interviendraient pas,

351 897 1182 60 en cas de conflit, pour le Canada, mais pour leur propre compte. Per¬

353 933 1178 61 sonne plus que lui ne désire des relations amicales avec l’Angleterre et

348 960 1188 93 n'est plus opposé à prendre part à une lutte entre la métropole et le

355 1004 135 58 Canada.

265 1082 1271 90 22. CONSTANT (Benjamin), célèbre écrivain et homme

360 1135 537 76 d’Etat, n. 1767, m. 1830.

397 1196 673 86 L. a. s.; Paris, 8 fév. 1827, 1 p. in-4.

382 1260 1024 85 Belle lettre toute relative à l’impression d’un de ses ouvrages.

265 1345 1263 95 23. CONSTANTIN PAVLOVITCH, grand-duc de Russie,

360 1416 1173 66 deuxième fils de Paul Ier, qui céda la couronne à son

358 1462 1173 71 frère Nicolas, gouverneur de la Pologne, n. 1779, m.

363 1508 124 66 1831.

394 1577 1137 102 L. s., en français, au général Dapont; Paris, 25 mai 1814, 1 p.

355 1611 115 75 in-fol.

385 1659 1146 98 Il lui mande que, d’après les ordres de l'empereur de Russie, le

348 1725 1178 71 17e régiment lithuanien et les autres troupes polonaises qui pourraient

348 1764 1112 76 se trouver dans le corps de Hambourg doivent se diriger sur Posen.

260 1847 1268 88 24. CONTÉ (Nicolas-Jacques), célèbre chimiste et mécani¬

355 1908 1171 68 cien, chef de la brigade des aérostiers, n. 1755, m. 1805.

392 1976 1136 81 L. s. à la commission des armes; Paris, 17 thermidor an II,

358 2010 232 74 1 p. 1/2 in-4.

385 2074 1146 78 Belle lettre où il donne des ordres pour réparer l'aérostat qui est près

348 2120 1019 66 de l'armée du Nord et qui a été endommagé par une tempête.

258 2191 878 105 25. COPPÉE (François), le célèbre poète.

390 2269 977 105 L. a. s. à un confrère; 31 janvier 1809, 2 p. 1/2 in-18.
