1883 2900
783 328 169 80 — 17 —

246 432 1272 56 87. NIEL (Adolphe), maréchal de France, un des héros des

345 478 1003 63 guerres de Crimée et d’Italie, n. 1802, m. 1869.

384 531 742 78 L. a. s.; Paris, 11 juillet 1851, 1 p. in-4.

246 609 1267 82 88. NOAILLES (Louis-Antoine, cardinal de), archevêque de

348 683 1160 66 Paris, célèbre par son opposition à la bulle Unigenitus,

343 732 379 60 n. 1651, m. 1729.

381 792 1132 75 Minute de lettre autographe au cardinal de Rohan; 2 octo¬

340 841 351 60 bre 1720, 1 p. in-4.

367 870 1136 87 Intéressante épître où il refuse de faire la démarche qu'on attend de

323 932 1144 73 lui et exprime son regret de ne pouvoir penser comme son Eminence.

251 1010 1262 70 89. OLLIVIER (Emile), célèbre député libéral, ministre de

345 1060 984 68 Napoléon III, membre de l’Académie française.

377 1128 824 68 L. a. s. à un critique; 22 fév. 1869, 1 p. in-8.

364 1184 1146 65 Très curieuse épitre sur son fameux livre Le 19 janvier. Son but n’a

326 1234 1182 54 pas été de prouver qu’il est un écrivain, car il sait mieux que personne

328 1268 1180 53 combien il est indigne de cette gloire; il n'a pas eu non plus l’espérance

328 1305 1180 45 de prouver la bonté de sa politique, car les événements seuls peuvent se

331 1338 1179 54 charger de ce soin. « Mon seul but a été de prouver qu’en politique j’ai

331 1379 575 54 toujours été un honnête homme. »

244 1435 1264 92 90. ORNANO (Philippe-Antoine, comte), maréchal de France,

338 1495 406 66 n. 1784, m. 1863.

372 1549 899 75 L. a. s. ; Paris, 17 fév. 1814, 3/4 de p. in-4. Rare.

367 1609 1141 73 Il mande que l'Empereur ne veut pas quon fasse un hôpilal de la

333 1650 394 63 caserne de Courbevoie.

246 1718 1267 77 91. ORSINI (Felice), fameux par sa tentative d’assassinat

335 1781 805 70 contre Napoléon III, décapité en 1858.

377 1858 1133 72 L. a. s. à M. Giuseppe del Re ; Nice, 18 août 1851, 1 p. in-8.

335 1894 324 61 Légère déchirure.

367 1952 1136 70 Intéressante lettre relative à la publication d'un  ouvrage qu'il vient

323 1988 208 61 de terminer.

241 2051 1272 102 62. PAUL Ier, empereur de Russie, n. 1754, assassiné en

335 2124 126 58 1801.

374 2182 1136 70 L. s., en français, à M. de Nicolai ; Saint-Pétersbourg, 22 mars

343 2235 631 85 1800, 1/4 de p. in-4. Pièce doublée.
