1892 2912
796 327 148 68 — 3 —

257 427 1260 65 10. BAUDELAIRE (Charles), célèbre poète, auteur des Fleurs

349 475 1025 71 du Mal, n. à Paris, 1821, m. 1867.

383 529 1132 87 L. a. s. à un directeur de revue ; 11 juin 1858, 3/4 de p. in-8.

376 599 1066 73 Curieuse épître où il répond à un reproche qui lui a été adressé.

257 660 610 94 11. BAUDELAIRE (Charles).

383 730 1134 102 L. a. s. à Poulet-Malassis ; 1 déc. 1858, 2 p. in-4. Légere tache.

374 815 1141 70 Très curieuse épitre sur des différends pécuniaires. Piquants détails.

252 873 619 97 12. BAUDELAIRE (Charles).

386 968 1131 87 L. aut., sig. C. B. (à Poulet-Malassis) ; 16 février 1860, 6 p. in-8.

371 1033 1142 68 Très INTÉRESSANTE LETTRE sur ses embarras d’argent. Il y parle de Co¬

337 1079 1176 56 lonne, avec lequel il est en froid; de sa mère, à laquelle il doit dix

337 1123 1176 53 mille francs ; de Méryon, qui parle, les yeux au plafond, sans écouter

337 1157 1176 49 aucune observation, d’Asselineau, qui n’est pas allé aux concerts de

340 1196 1054 53 Wagner, parce qu’on lui a dit que celui-ci était républicain, etc.

252 1249 1265 88 13. BERRUYER (Joseph-Isaac), jésuite, fameux par son

347 1315 1170 77 Histoire du peuple de Dieu, qui fut condamnée par le pape

349 1361 836 73 Benoit XIV, n. à Rouen, 1681, m. 1758.

388 1426 1125 88 L. a. s. (au chancelier de Lamoignon) ; Paris, 24 juillet 1752,

344 1472 253 66 2 p. 1/4 in-4.

369 1533 1144 58 Très curieuse épître où il se plaint que son ouvrage Histoire du peuple

332 1577 1178 56 (de Dieu, seconde partie, est depuis près d’un an entre les mains des cen¬

335 1611 1178 60 seurs. Ce retard est d’autant plus préjudiciable que le livre devra passer

335 1650 1178 55 ensuite par les mains des reviseurs de sa compagnie. Il prie donc le

335 1684 1175 60 chancelier de lui faire connaître ses intentions. « Je suis vieux et infirme

335 1718 1178 72 et il serait nécessaire que je pusse finir cette affaire avant ma mort.»

252 1788 1265 78 14. BIRON (Armand-Louis de GONTAUT, duc de), général et

347 1849 1166 58 constituant, commandant en chef des armées de la Répu¬

349 1895 889 73 blique, n. à Paris, 1747, décapité en 1793.

383 1955 848 85 P. a. s. ; Valenciennes, 3 mai 1792, 1 p. in-fol.

366 2023 1149 63 PIÈCE HISTORIQUE où il déclare, en son honneur et conscience, que le

337 2065 1173 60 maréchal de Rochambeau est indispensable à l’armée du Nord. « Je ne

337 2101 1173 63 me sens point les talents nécessaires pour remplacer ses grands talents

337 2140 1176 58 militaires. Je servirai, sans murmurer, sans balancer, sous mes cadets,

337 2174 1173 63 si cela peut être utile à la chose publique; mais rien ne me fera consen¬

337 2205 1176 97 tir à commander l’armée du Nord et à me charger d’une responsabilité

335 2247 437 85 au-dessus de mes forces. »
