1875 2912
485 465 1144 49 SUPERBE LETTRE. Elle fait chercher en Andalousie les deux chevaux

451 492 1173 51 d’Espagne que sa mère lui a demandés et elle compte les lui envoyer

451 529 1178 60 bientôt. Elle la prie de lui faire remettre le portrait de son frère

446 565 217 63 (Louis XIII).

366 616 1268 85 46. ÉLISABETH FARNÈSE, reine d’Espagne, seconde

463 689 1171 87 femme de Philippe V, sur lequel elle exerça une grande

461 740 597 63 influence, n. 1692, m. 1766.

507 786 1112 90 L. a. s., en francais, à Louis XV; Saint-Ildefonse, 27 févr. 1724,

461 854 639 63 1 p. in-4, cachets et soies. Très rare.

485 897 1142 73 SUPERBE LETTRE relative à l’arrivée à la cour d’Espagne du maréchal

449 951 1175 58 de Tessé, comme ambassadeur de France. La reine exprime son désir.

454 987 940 54 de contribuer à la bonne union entre les deux couronnes.

369 1055 1263 90 47. ESPINAY SAINT-LUC (Timoléon d’), maréchal de

466 1123 1161 58 France, gouverneur de Brouage, puis de Guyenne, vice-

449 1169 1183 71 amiral, qui obligea Soubise à évacuer l'ile de Ré, beau-

454 1220 959 68 frère de Bassompierre, n. 1580, m. 1644.

497 1269 1135 77 L. a. s. à M. de Pontchartrain ; Brouage, 18 juin (1619), 3/4 de

454 1334 954 63 p. in-fol., cachets et soies. Légères taches. Très rare.

476 1380 1143 73 PIÈCE HISTORIQUE. Il annonce l’arrivée de la Reine mère (Marie de

446 1431 1173 56 Médicis) à Saintes et demande s’il doit aller lui rendre visite. On dit

449 1475 1170 48 qu'elle veut venir jusqu’à Brouage. « Je vous suplie, s’y cella estoit,

449 1514 1170 48 que j'aprenne par le retour de ce courrier la vollonté du Roy sur le

446 1543 1176 56 subjet de sa réception, affin qu’ayant la loy escripte elle me serve de

449 1584 175 56 reigle... »

364 1638 1258 82 48. FARNÈSE (Alexandre), duc de Parme, illustre général,

459 1705 1168 71 adversaire de Henri IV, n. 1546, blessé mortellement

461 1759 478 63 devant Rouen en 1592.

497 1781 1135 116 1. a, en français, à Charles de Mansfelt; Bruxelles, 5 février

459 1870 847 61 1590, 3/4 de p. in-fol., cachet. Très belle pièce.

361 1951 1268 80 49. FAVRAS (Thomas Many, marquis de), chef d’un complot

456 2014 1176 58 mystérieux au commencement de la Révolution, n. à

461 2057 1166 68 Blois, 1765, pendu en place de Grève le 19 février 1790.

493 2116 1139 92 L. a. s. (aux députés à l’Assemblée nationale) ; Paris, 14 dé-

459 2176 449 71 cembre 1789, 3 p. in-fol.

485 2237 1132 112 IMPORTANTE LETTRE où il leur expose les moyens de rétablir les finances

454 2271 1158 78 de l'Etat. Il propose notamment de constituer à 40/0 celles des créances

905 356 178 78 — 10 —
