<?xml version="1.0" encoding="UTF-8"?>
<alto xmlns:xsi="http://www.w3.org/2001/XMLSchema-instance"
      xmlns="http://www.loc.gov/standards/alto/ns-v4#"
      xsi:schemaLocation="http://www.loc.gov/standards/alto/ns-v4# http://www.loc.gov/standards/alto/v4/alto-4-2.xsd">
  <Description>
    <MeasurementUnit>pixel</MeasurementUnit>
    <sourceImageInformation>
      <fileName>CAT_000434.pdf_page_3.png</fileName>
      
    </sourceImageInformation>
  </Description>
  
  <Tags>
    <OtherTag ID="BT3838" LABEL="TitlePageZone" DESCRIPTION="block type TitlePageZone"/><OtherTag ID="BT3837" LABEL="RunningTitleZone" DESCRIPTION="block type RunningTitleZone"/><OtherTag ID="BT3836" LABEL="NumberingZone" DESCRIPTION="block type NumberingZone"/><OtherTag ID="BT3835" LABEL="MarginTextZone" DESCRIPTION="block type MarginTextZone"/><OtherTag ID="BT3834" LABEL="MainZone" DESCRIPTION="block type MainZone"/><OtherTag ID="BT3833" LABEL="Illustration" DESCRIPTION="block type Illustration"/><OtherTag ID="BT3832" LABEL="GraphicZone" DESCRIPTION="block type GraphicZone"/><OtherTag ID="BT3831" LABEL="CustomZone:EntryEnd" DESCRIPTION="block type CustomZone:EntryEnd"/><OtherTag ID="BT3830" LABEL="CustomZone:Entry" DESCRIPTION="block type CustomZone:Entry"/>
    <OtherTag ID="LT1297" LABEL="HeadingLine" DESCRIPTION="line type HeadingLine"/><OtherTag ID="LT1296" LABEL="DefaultLine" DESCRIPTION="line type DefaultLine"/>
  </Tags>
  
  <Layout>
    <Page WIDTH="1904"
          HEIGHT="2921"
          PHYSICAL_IMG_NR="2"
          ID="eSc_dummypage_">
      <PrintSpace HPOS="0"
                  VPOS="0"
                  WIDTH="1904"
                  HEIGHT="2921">
        
        <TextBlock HPOS="181"
                   VPOS="384"
                   WIDTH="1352"
                   HEIGHT="2011"
                   ID="eSc_textblock_34ff544b"
                   TAGREFS="BT3834">
          <Shape><Polygon POINTS="1533 2395 1533 401 181 384 182 2395"/></Shape>
          
          
          <TextLine ID="eSc_line_aa021a11"
                    TAGREFS="LT1297"
                    BASELINE="618 703 1146 708" 
                    HPOS="616"
                    VPOS="642"
                    WIDTH="530"
                    HEIGHT="88">
            <Shape><Polygon POINTS="1127 654 1093 642 1081 642 1056 642 1032 642 1008 642 983 642 981 642 961 645 942 642 934 642 910 642 886 642 861 642 842 642 835 647 805 642 788 642 764 642 740 642 730 642 720 652 633 657 618 684 618 703 616 720 1141 730 1146 708 1144 703 1129 657"/></Shape>
	    <String CONTENT="CATALOGUE"
                    HPOS="616"
                    VPOS="642"
                    WIDTH="530"
                    HEIGHT="88"></String>
          </TextLine>

          
          
          <TextLine ID="eSc_line_7ce0bde0"
                    TAGREFS="LT1297"
                    BASELINE="402 881 1334 888" 
                    HPOS="399"
                    VPOS="788"
                    WIDTH="932"
                    HEIGHT="127">
            <Shape><Polygon POINTS="1326 915 1331 886 1329 795 1115 813 1022 793 1020 793 1017 793 1015 793 1012 793 990 810 973 798 971 798 969 798 859 793 857 793 854 793 852 793 835 805 798 793 796 793 793 793 791 793 737 810 715 791 713 791 710 791 708 791 698 791 440 808 404 788 401 878 399 905"/></Shape>
	    <String CONTENT="D&#39;AUTOGRAPHES"
                    HPOS="399"
                    VPOS="788"
                    WIDTH="932"
                    HEIGHT="127"></String>
          </TextLine>

          
          
          <TextLine ID="eSc_line_7885dbb2"
                    TAGREFS="LT1296"
                    BASELINE="272 1148 1117 1161" 
                    HPOS="270"
                    VPOS="1095"
                    WIDTH="847"
                    HEIGHT="100">
            <Shape><Polygon POINTS="1100 1117 1076 1117 1051 1117 1027 1117 1003 1117 978 1117 954 1117 930 1117 905 1117 881 1114 857 1114 832 1114 808 1114 784 1114 759 1114 735 1114 710 1114 686 1112 662 1112 637 1112 613 1112 589 1112 564 1112 540 1112 516 1112 491 1112 467 1109 443 1109 418 1109 394 1109 370 1109 345 1109 321 1109 297 1109 294 1095 272 1095 272 1148 270 1170 326 1185 328 1185 401 1175 411 1175 1112 1195 1117 1161 1112 1134 1100 1117"/></Shape>
	    <String CONTENT="1. ABOUT (Edmond), le célèbre écrivain."
                    HPOS="270"
                    VPOS="1095"
                    WIDTH="847"
                    HEIGHT="100"></String>
          </TextLine>

          
          
          <TextLine ID="eSc_line_ebd80805"
                    TAGREFS="LT1296"
                    BASELINE="370 1221 1499 1236" 
                    HPOS="367"
                    VPOS="1178"
                    WIDTH="1132"
                    HEIGHT="82">
            <Shape><Polygon POINTS="1490 1204 1465 1204 1441 1202 1417 1202 1392 1200 1368 1200 1344 1197 1319 1197 1295 1195 1270 1192 1246 1192 1229 1190 377 1178 370 1192 370 1221 367 1243 930 1243 939 1246 964 1256 966 1256 969 1256 1076 1246 1098 1246 1100 1246 1124 1258 1127 1258 1129 1258 1132 1258 1154 1248 1329 1260 1331 1260 1497 1248 1499 1236 1497 1200 1490 1204"/></Shape>
	    <String CONTENT="L. a. s. à HENRI MURGER ; Saverne, 12 oct. 1858, 1 p. 1/2 in-8."
                    HPOS="367"
                    VPOS="1178"
                    WIDTH="1132"
                    HEIGHT="82"></String>
          </TextLine>

          
          
          <TextLine ID="eSc_line_9d909e40"
                    TAGREFS="LT1296"
                    BASELINE="360 1277 1497 1292" 
                    HPOS="357"
                    VPOS="1229"
                    WIDTH="1140"
                    HEIGHT="83">
            <Shape><Polygon POINTS="360 1277 357 1287 1492 1312 1497 1292 1494 1251 360 1229 360 1277"/></Shape>
	    <String CONTENT="Charmante épitre littéraire où il le félicite de son Sabot rouge, qui"
                    HPOS="357"
                    VPOS="1229"
                    WIDTH="1140"
                    HEIGHT="83"></String>
          </TextLine>

          
          
          <TextLine ID="eSc_line_375bed98"
                    TAGREFS="LT1296"
                    BASELINE="323 1312 1490 1331" 
                    HPOS="321"
                    VPOS="1270"
                    WIDTH="1169"
                    HEIGHT="71">
            <Shape><Polygon POINTS="1468 1292 1443 1292 1419 1292 1395 1292 1370 1292 1346 1292 1322 1292 1297 1290 1273 1290 1249 1290 1224 1290 1200 1290 1176 1290 1151 1290 1127 1290 1102 1287 1078 1287 1054 1287 1029 1287 1005 1287 981 1287 956 1287 932 1287 908 1285 883 1285 859 1285 835 1285 810 1285 786 1285 762 1285 737 1282 713 1282 689 1282 664 1282 640 1282 616 1282 591 1282 567 1282 542 1280 518 1280 494 1280 469 1280 445 1280 421 1280 396 1280 372 1280 365 1270 328 1270 323 1285 323 1312 321 1329 1485 1341 1490 1331 1487 1292 1468 1292"/></Shape>
	    <String CONTENT="s&#39;annonce comme un petit chef-d’œuvre. « Votre phrase me semble"
                    HPOS="321"
                    VPOS="1270"
                    WIDTH="1169"
                    HEIGHT="71"></String>
          </TextLine>

          
          
          <TextLine ID="eSc_line_217641e9"
                    TAGREFS="LT1296"
                    BASELINE="323 1348 1492 1365" 
                    HPOS="321"
                    VPOS="1314"
                    WIDTH="1171"
                    HEIGHT="61">
            <Shape><Polygon POINTS="1468 1331 1443 1331 1419 1331 1395 1331 1370 1331 1346 1331 1322 1329 1297 1329 1273 1329 1249 1329 1224 1329 1200 1329 1176 1326 1151 1326 1127 1326 1102 1326 1078 1326 1054 1326 1029 1324 1005 1324 981 1324 956 1324 932 1324 908 1324 883 1321 859 1321 835 1321 810 1321 786 1321 762 1321 737 1319 713 1319 689 1319 664 1319 640 1319 616 1319 591 1316 567 1316 542 1316 518 1316 494 1316 469 1316 445 1314 421 1314 396 1314 372 1314 348 1314 323 1314 323 1348 321 1365 1487 1375 1492 1365 1490 1326 1470 1324 1468 1331"/></Shape>
	    <String CONTENT="quelquefois un peu pleine et serrée. C’est un défaut qu’on ne rencontre"
                    HPOS="321"
                    VPOS="1314"
                    WIDTH="1171"
                    HEIGHT="61"></String>
          </TextLine>

          
          
          <TextLine ID="eSc_line_0579fc5d"
                    TAGREFS="LT1296"
                    BASELINE="323 1387 1494 1402" 
                    HPOS="321"
                    VPOS="1350"
                    WIDTH="1173"
                    HEIGHT="78">
            <Shape><Polygon POINTS="1468 1365 1443 1365 1419 1365 1395 1365 1370 1365 1346 1365 1324 1363 1297 1363 1273 1363 1249 1363 1224 1363 1200 1363 1176 1363 1156 1360 1102 1360 1078 1360 1054 1360 1029 1360 1005 1360 990 1358 908 1358 883 1358 859 1358 835 1358 822 1355 713 1355 689 1355 664 1355 657 1353 518 1353 494 1353 489 1350 323 1350 323 1387 321 1399 486 1399 504 1404 538 1416 540 1416 542 1416 613 1404 642 1402 693 1406 801 1416 803 1416 995 1409 1061 1406 1100 1409 1297 1428 1300 1428 1492 1411 1494 1402 1492 1365 1468 1363 1468 1365"/></Shape>
	    <String CONTENT="que chez les grands écrivains, mais je veux vous chamailler la-dessus la"
                    HPOS="321"
                    VPOS="1350"
                    WIDTH="1173"
                    HEIGHT="78"></String>
          </TextLine>

          
          
          <TextLine ID="eSc_line_ddf968d1"
                    TAGREFS="LT1296"
                    BASELINE="323 1423 995 1431" 
                    HPOS="321"
                    VPOS="1389"
                    WIDTH="674"
                    HEIGHT="59">
            <Shape><Polygon POINTS="981 1397 956 1397 932 1397 908 1394 883 1394 859 1394 835 1394 810 1394 786 1394 762 1394 737 1394 713 1392 689 1392 664 1392 640 1392 616 1392 591 1392 567 1392 542 1392 518 1389 494 1389 469 1389 445 1389 421 1389 396 1389 372 1389 348 1389 323 1389 323 1423 321 1443 990 1448 995 1431 993 1397 981 1397"/></Shape>
	    <String CONTENT="première fois que je vous rencontrerai. »"
                    HPOS="321"
                    VPOS="1389"
                    WIDTH="674"
                    HEIGHT="59"></String>
          </TextLine>

          
          
          <TextLine ID="eSc_line_eb45b3d9"
                    TAGREFS="LT1296"
                    BASELINE="267 1504 1487 1521" 
                    HPOS="265"
                    VPOS="1443"
                    WIDTH="1222"
                    HEIGHT="97">
            <Shape><Polygon POINTS="1485 1477 1460 1475 1436 1475 1412 1472 1387 1470 1363 1467 1339 1467 1314 1465 1290 1462 1266 1460 1241 1458 1217 1458 1193 1455 1168 1453 1144 1450 1120 1450 1117 1448 1017 1465 1000 1450 1000 1448 998 1448 995 1448 993 1448 859 1455 784 1443 781 1443 779 1443 720 1462 696 1462 676 1462 676 1460 662 1448 662 1445 659 1445 657 1445 654 1445 652 1445 650 1445 628 1460 581 1445 579 1445 577 1445 574 1445 538 1458 418 1443 416 1443 370 1448 365 1458 340 1462 316 1467 292 1499 277 1489 267 1504 265 1518 1482 1540 1487 1521 1485 1477 1485 1477"/></Shape>
	    <String CONTENT="2. AIGUILLON (Armand DU PLESSIS-RICHELIEU, duc d’),"
                    HPOS="265"
                    VPOS="1443"
                    WIDTH="1222"
                    HEIGHT="97"></String>
          </TextLine>

          
          
          <TextLine ID="eSc_line_e2d0e773"
                    TAGREFS="LT1296"
                    BASELINE="333 1557 1490 1572" 
                    HPOS="331"
                    VPOS="1511"
                    WIDTH="1159"
                    HEIGHT="85">
            <Shape><Polygon POINTS="333 1557 331 1567 586 1584 589 1584 676 1572 689 1572 691 1572 728 1589 730 1589 732 1589 859 1574 874 1574 883 1574 961 1591 964 1591 1178 1579 1188 1579 1202 1591 1202 1594 1205 1594 1207 1594 1295 1596 1297 1596 1487 1582 1490 1572 1477 1526 333 1511 333 1557"/></Shape>
	    <String CONTENT="fameux ministre de Louis XV, qui laissa s’effectuer le"
                    HPOS="331"
                    VPOS="1511"
                    WIDTH="1159"
                    HEIGHT="85"></String>
          </TextLine>

          
          
          <TextLine ID="eSc_line_f9a2adf8"
                    TAGREFS="LT1296"
                    BASELINE="331 1606 1183 1616" 
                    HPOS="328"
                    VPOS="1560"
                    WIDTH="855"
                    HEIGHT="87">
            <Shape><Polygon POINTS="915 1567 905 1565 852 1565 842 1565 818 1565 793 1565 769 1565 745 1565 720 1565 696 1562 672 1562 647 1562 623 1562 598 1562 574 1562 550 1562 525 1562 501 1560 477 1560 452 1560 443 1560 348 1565 331 1584 331 1606 328 1633 504 1623 684 1623 747 1640 754 1643 757 1643 759 1643 774 1643 878 1628 900 1643 903 1643 905 1643 908 1643 913 1643 1046 1630 1076 1645 1078 1645 1081 1647 1180 1647 1183 1616 1180 1574 932 1567 915 1567"/></Shape>
	    <String CONTENT="partage de la Pologne, n. 1720, m. 1780."
                    HPOS="328"
                    VPOS="1560"
                    WIDTH="855"
                    HEIGHT="87"></String>
          </TextLine>

          
          
          <TextLine ID="eSc_line_7987e205"
                    TAGREFS="LT1296"
                    BASELINE="370 1674 1492 1691" 
                    HPOS="367"
                    VPOS="1621"
                    WIDTH="1125"
                    HEIGHT="99">
            <Shape><Polygon POINTS="1490 1682 1480 1647 1431 1635 1429 1635 1253 1643 1207 1645 1193 1643 1144 1630 1141 1630 1139 1630 1054 1640 1022 1643 1015 1638 1008 1630 1005 1630 1003 1630 1000 1630 913 1635 881 1638 874 1635 849 1626 847 1626 844 1626 842 1626 840 1626 830 1635 822 1640 723 1640 708 1633 686 1623 684 1623 681 1623 640 1630 611 1635 577 1628 533 1621 530 1621 528 1621 525 1621 518 1628 508 1633 370 1626 370 1674 367 1684 623 1703 625 1703 628 1703 650 1694 654 1691 669 1694 732 1706 735 1706 737 1706 766 1696 776 1694 788 1696 847 1713 849 1713 852 1713 1025 1703 1127 1699 1151 1708 1180 1718 1183 1718 1356 1720 1358 1720 1361 1720 1363 1720 1363 1718 1370 1713 1378 1706 1487 1716 1492 1691 1492 1650 1490 1647 1490 1682"/></Shape>
	    <String CONTENT="L. a. s. à Son Altesse Royale (le duc de Parme ?) ; Versailles,"
                    HPOS="367"
                    VPOS="1621"
                    WIDTH="1125"
                    HEIGHT="99"></String>
          </TextLine>

          
          
          <TextLine ID="eSc_line_a8dcda5f"
                    TAGREFS="LT1296"
                    BASELINE="331 1713 737 1720" 
                    HPOS="328"
                    VPOS="1672"
                    WIDTH="409"
                    HEIGHT="68">
            <Shape><Polygon POINTS="720 1682 696 1682 681 1679 635 1679 623 1679 598 1679 574 1679 550 1679 525 1677 501 1677 477 1677 452 1677 428 1677 404 1677 379 1677 377 1672 331 1672 331 1713 328 1725 732 1740 737 1720 737 1682 720 1682"/></Shape>
	    <String CONTENT="16 déc. 1755, 4 p. in-4."
                    HPOS="328"
                    VPOS="1672"
                    WIDTH="409"
                    HEIGHT="68"></String>
          </TextLine>

          
          
          <TextLine ID="eSc_line_fc3f60ec"
                    TAGREFS="LT1296"
                    BASELINE="355 1767 1492 1789" 
                    HPOS="353"
                    VPOS="1716"
                    WIDTH="1139"
                    HEIGHT="85">
            <Shape><Polygon POINTS="486 1718 484 1718 482 1718 477 1718 469 1718 387 1728 357 1716 355 1767 353 1779 1487 1801 1492 1789 1492 1747 521 1733 489 1718 486 1718"/></Shape>
	    <String CONTENT="Très intéressante lettre où il mande que le Roi et ses ministres sont"
                    HPOS="353"
                    VPOS="1716"
                    WIDTH="1139"
                    HEIGHT="85"></String>
          </TextLine>

          
          
          <TextLine ID="eSc_line_d403bb48"
                    TAGREFS="LT1296"
                    BASELINE="326 1806 1485 1823" 
                    HPOS="323"
                    VPOS="1764"
                    WIDTH="1162"
                    HEIGHT="73">
            <Shape><Polygon POINTS="1470 1789 1446 1789 1421 1789 1397 1789 1373 1789 1348 1786 1324 1786 1300 1786 1275 1786 1251 1786 1227 1784 1202 1784 1178 1784 1154 1784 1129 1784 1105 1781 1081 1781 1056 1781 1032 1781 1008 1781 983 1779 959 1779 934 1779 910 1779 886 1779 861 1779 837 1776 813 1776 788 1776 764 1776 740 1776 715 1774 691 1774 667 1774 642 1774 618 1774 594 1772 569 1772 545 1772 521 1772 496 1772 472 1769 448 1769 423 1769 399 1769 374 1769 372 1764 326 1764 326 1806 323 1818 1480 1837 1485 1823 1482 1789 1470 1789"/></Shape>
	    <String CONTENT="décidés à faire la guerre seulement par mer. «Nous n’avons d’ennemis"
                    HPOS="323"
                    VPOS="1764"
                    WIDTH="1162"
                    HEIGHT="73"></String>
          </TextLine>

          
          
          <TextLine ID="eSc_line_ce8f0b7f"
                    TAGREFS="LT1296"
                    BASELINE="321 1840 1485 1859" 
                    HPOS="318"
                    VPOS="1806"
                    WIDTH="1167"
                    HEIGHT="70">
            <Shape><Polygon POINTS="832 1815 830 1813 708 1813 686 1813 662 1813 650 1811 579 1811 564 1811 540 1811 516 1811 491 1811 469 1808 450 1808 443 1808 418 1808 394 1808 370 1808 345 1808 343 1806 321 1806 321 1840 318 1852 1480 1876 1485 1859 1482 1828 837 1815 832 1815"/></Shape>
	    <String CONTENT="que les Anglois. Ils veulent envahir notre commerce et nos colonies ;"
                    HPOS="318"
                    VPOS="1806"
                    WIDTH="1167"
                    HEIGHT="70"></String>
          </TextLine>

          
          
          <TextLine ID="eSc_line_0d53d708"
                    TAGREFS="LT1296"
                    BASELINE="326 1876 1480 1896" 
                    HPOS="323"
                    VPOS="1835"
                    WIDTH="1157"
                    HEIGHT="73">
            <Shape><Polygon POINTS="1470 1859 1446 1859 1421 1859 1397 1859 1373 1859 1348 1859 1324 1857 1300 1857 1275 1857 1251 1857 1227 1857 1202 1857 1178 1854 1154 1854 1129 1854 1105 1854 1081 1854 1056 1854 1032 1852 1008 1852 983 1852 959 1852 934 1852 910 1852 886 1849 861 1849 837 1849 813 1849 788 1849 764 1849 740 1847 715 1847 691 1847 667 1847 642 1847 618 1847 594 1845 569 1845 545 1845 521 1845 496 1845 472 1845 448 1842 423 1842 399 1842 374 1842 350 1842 345 1835 326 1835 326 1876 323 1888 1475 1908 1480 1896 1477 1859 1470 1859"/></Shape>
	    <String CONTENT="ils soulèvent par leurs intrigues et leurargent toutes les puissances contre"
                    HPOS="323"
                    VPOS="1835"
                    WIDTH="1157"
                    HEIGHT="73"></String>
          </TextLine>

          
          
          <TextLine ID="eSc_line_2f20196b"
                    TAGREFS="LT1296"
                    BASELINE="328 1910 1477 1930" 
                    HPOS="326"
                    VPOS="1879"
                    WIDTH="1151"
                    HEIGHT="65">
            <Shape><Polygon POINTS="1473 1896 1448 1896 1424 1896 1400 1896 1375 1896 1351 1896 1326 1893 1302 1893 1278 1893 1253 1893 1229 1893 1205 1893 1180 1891 1156 1891 1132 1891 1107 1891 1083 1891 1059 1891 1034 1888 1010 1888 986 1888 961 1888 937 1888 913 1888 888 1886 864 1886 840 1886 815 1886 791 1886 766 1886 742 1884 718 1884 693 1884 669 1884 645 1884 620 1884 596 1881 572 1881 547 1881 523 1881 499 1881 474 1881 450 1879 426 1879 401 1879 377 1879 353 1879 328 1879 328 1910 326 1927 1473 1944 1477 1930 1475 1896 1473 1896"/></Shape>
	    <String CONTENT="nous; ils abusent de la supériorité que nous leur avons laissé prendre"
                    HPOS="326"
                    VPOS="1879"
                    WIDTH="1151"
                    HEIGHT="65"></String>
          </TextLine>

          
          
          <TextLine ID="eSc_line_bea31d28"
                    TAGREFS="LT1296"
                    BASELINE="323 1947 1477 1969" 
                    HPOS="321"
                    VPOS="1913"
                    WIDTH="1156"
                    HEIGHT="85">
            <Shape><Polygon POINTS="1468 1930 1443 1930 1419 1930 1395 1930 1370 1930 1346 1930 1322 1927 1312 1927 1297 1927 1273 1927 1249 1927 1224 1927 1200 1927 1178 1925 1146 1925 1127 1925 1102 1925 1078 1925 1054 1925 1037 1922 981 1922 981 1922 956 1922 932 1922 908 1922 893 1920 818 1920 810 1920 786 1920 762 1920 749 1918 652 1918 640 1918 616 1918 608 1915 323 1913 323 1947 321 1964 579 1986 581 1986 1180 1983 1217 1998 1219 1998 1222 1998 1475 1986 1477 1969 1477 1930 1468 1930"/></Shape>
	    <String CONTENT="sur mer pour nous faire les insulles et les avanies les plus outra¬"
                    HPOS="321"
                    VPOS="1913"
                    WIDTH="1156"
                    HEIGHT="85"></String>
          </TextLine>

          
          
          <TextLine ID="eSc_line_cf6cea26"
                    TAGREFS="LT1296"
                    BASELINE="318 1983 516 1988" 
                    HPOS="316"
                    VPOS="1952"
                    WIDTH="200"
                    HEIGHT="46">
            <Shape><Polygon POINTS="318 1959 318 1983 316 1996 511 1998 516 1988 513 1957 336 1952 318 1959"/></Shape>
	    <String CONTENT="geantes... »"
                    HPOS="316"
                    VPOS="1952"
                    WIDTH="200"
                    HEIGHT="46"></String>
          </TextLine>

          
          
          <TextLine ID="eSc_line_37da182a"
                    TAGREFS="LT1296"
                    BASELINE="258 2064 1490 2088" 
                    HPOS="255"
                    VPOS="2005"
                    WIDTH="1235"
                    HEIGHT="102">
            <Shape><Polygon POINTS="1485 2034 1414 2042 1375 2032 1348 2025 1346 2025 1344 2025 1341 2025 1314 2032 1280 2039 1268 2030 1261 2025 1258 2025 1256 2025 1253 2025 1210 2030 1158 2037 1139 2030 1117 2020 1115 2020 1112 2020 1059 2027 1020 2034 998 2027 966 2017 964 2017 961 2017 959 2017 956 2017 956 2020 947 2027 942 2034 876 2034 791 2025 625 2010 623 2010 387 2017 370 2005 367 2005 365 2005 362 2005 311 2010 306 2022 282 2054 258 2022 258 2064 255 2086 326 2078 433 2093 448 2093 450 2093 452 2093 455 2093 469 2081 484 2093 486 2093 489 2093 491 2093 499 2093 584 2083 706 2095 749 2100 752 2100 808 2098 949 2090 978 2100 993 2105 995 2105 998 2105 1020 2100 1059 2093 1120 2103 1154 2107 1156 2107 1158 2107 1173 2103 1205 2095 1485 2107 1490 2088 1487 2034 1485 2034"/></Shape>
	    <String CONTENT="3. BARANTE (Amable, baron de), célèbre écrivain et"
                    HPOS="255"
                    VPOS="2005"
                    WIDTH="1235"
                    HEIGHT="102"></String>
          </TextLine>

          
          
          <TextLine ID="eSc_line_a52d10b3"
                    TAGREFS="LT1296"
                    BASELINE="331 2117 1485 2139" 
                    HPOS="328"
                    VPOS="2066"
                    WIDTH="1157"
                    HEIGHT="110">
            <Shape><Polygon POINTS="1426 2088 1402 2088 1400 2088 1385 2093 1363 2098 1336 2090 1317 2086 1305 2086 1280 2086 1278 2086 1270 2088 1251 2095 1232 2088 1217 2083 1207 2083 1183 2083 1171 2083 1158 2086 1127 2093 1095 2086 1078 2081 1061 2081 1037 2081 1034 2081 1022 2083 988 2090 978 2081 973 2078 964 2078 939 2078 915 2078 891 2078 878 2076 852 2078 718 2086 637 2073 620 2071 598 2071 574 2071 560 2071 521 2081 360 2081 333 2066 331 2117 328 2132 499 2137 511 2149 511 2151 513 2151 516 2151 518 2151 521 2151 557 2139 630 2151 633 2151 779 2144 810 2163 813 2163 815 2163 971 2168 1400 2176 1402 2176 1404 2176 1482 2154 1485 2139 1482 2095 1446 2088 1426 2088"/></Shape>
	    <String CONTENT="homme politique, membre de l’Académie française,"
                    HPOS="328"
                    VPOS="2066"
                    WIDTH="1157"
                    HEIGHT="110"></String>
          </TextLine>

          
          
          <TextLine ID="eSc_line_0147c9d4"
                    TAGREFS="LT1296"
                    BASELINE="328 2168 703 2176" 
                    HPOS="326"
                    VPOS="2127"
                    WIDTH="377"
                    HEIGHT="75">
            <Shape><Polygon POINTS="328 2142 328 2168 326 2183 577 2202 579 2202 701 2190 703 2176 701 2134 343 2127 328 2142"/></Shape>
	    <String CONTENT="n. 1782, m. 1866."
                    HPOS="326"
                    VPOS="2127"
                    WIDTH="377"
                    HEIGHT="75"></String>
          </TextLine>

          
          
          <TextLine ID="eSc_line_6d45acd6"
                    TAGREFS="LT1296"
                    BASELINE="362 2234 1370 2254" 
                    HPOS="360"
                    VPOS="2183"
                    WIDTH="1010"
                    HEIGHT="83">
            <Shape><Polygon POINTS="362 2234 360 2246 1365 2266 1370 2254 1370 2212 1334 2200 1331 2200 1329 2200 1185 2210 1178 2210 1151 2198 1149 2198 1146 2198 1090 2207 866 2190 864 2190 861 2190 832 2202 696 2188 693 2188 691 2188 667 2200 501 2200 496 2198 469 2183 467 2183 465 2183 362 2193 362 2234"/></Shape>
	    <String CONTENT="L. aut. à son cher Anselme ; 22 oct. 1849, 3 p. 1/4 in-12."
                    HPOS="360"
                    VPOS="2183"
                    WIDTH="1010"
                    HEIGHT="83"></String>
          </TextLine>

          
          
          <TextLine ID="eSc_line_598ee80f"
                    TAGREFS="LT1296"
                    BASELINE="360 2292 1184 2307 1480 2310" 
                    HPOS="355"
                    VPOS="2249"
                    WIDTH="1122"
                    HEIGHT="82">
            <Shape><Polygon POINTS="357 2290 355 2310 1473 2331 1477 2307 1477 2268 749 2268 357 2249 357 2290"/></Shape>
	    <String CONTENT="Très intéressante lettre où, après avoir célébré le charme de sa retraite"
                    HPOS="355"
                    VPOS="2249"
                    WIDTH="1122"
                    HEIGHT="82"></String>
          </TextLine>

          
          
          <TextLine ID="eSc_line_ed0f17ee"
                    TAGREFS="LT1296"
                    BASELINE="314 2327 1489 2349" 
                    HPOS="309"
                    VPOS="2295"
                    WIDTH="1178"
                    HEIGHT="100">
            <Shape><Polygon POINTS="311 2324 309 2348 545 2378 547 2378 550 2378 601 2363 616 2378 618 2378 620 2378 689 2380 691 2380 693 2380 696 2380 723 2361 747 2361 779 2361 781 2361 857 2378 859 2378 861 2378 893 2363 913 2383 913 2385 915 2385 917 2385 920 2385 922 2385 961 2375 1134 2390 1137 2390 1329 2373 1334 2373 1336 2373 1368 2385 1370 2385 1373 2385 1407 2378 1424 2392 1424 2395 1426 2395 1429 2395 1431 2395 1434 2395 1485 2375 1487 2348 1485 2312 311 2295 311 2324"/></Shape>
	    <String CONTENT="en Auvergne, Il parle des évènements politiques. Il pense que le vote"
                    HPOS="309"
                    VPOS="2295"
                    WIDTH="1178"
                    HEIGHT="100"></String>
          </TextLine>

          
        </TextBlock>
        
        <TextBlock HPOS="213"
                   VPOS="411"
                   WIDTH="1298"
                   HEIGHT="126"
                   ID="eSc_textblock_63babc37"
                   TAGREFS="BT3832">
          <Shape><Polygon POINTS="213 513 218 411 1511 423 1511 537"/></Shape>
          
        </TextBlock>
        
        <TextBlock HPOS="371"
                   VPOS="622"
                   WIDTH="1014"
                   HEIGHT="298"
                   ID="eSc_textblock_35c569f4"
                   TAGREFS="BT3837">
          <Shape><Polygon POINTS="371 920 371 622 1385 622 1385 920"/></Shape>
          
        </TextBlock>
        
        <TextBlock HPOS="262"
                   VPOS="1100"
                   WIDTH="1259"
                   HEIGHT="342"
                   ID="eSc_textblock_83ddd16f"
                   TAGREFS="BT3830">
          <Shape><Polygon POINTS="262 1100 262 1442 1521 1442 1521 1100"/></Shape>
          
        </TextBlock>
        
        <TextBlock HPOS="257"
                   VPOS="1468"
                   WIDTH="1249"
                   HEIGHT="532"
                   ID="eSc_textblock_1331b096"
                   TAGREFS="BT3830">
          <Shape><Polygon POINTS="257 1468 257 2000 1506 2000 1506 1468"/></Shape>
          
        </TextBlock>
        
        <TextBlock HPOS="260"
                   VPOS="2029"
                   WIDTH="1249"
                   HEIGHT="339"
                   ID="eSc_textblock_432ff52d"
                   TAGREFS="BT3830">
          <Shape><Polygon POINTS="260 2029 260 2368 1509 2368 1509 2029"/></Shape>
          
        </TextBlock>
        

        
      </PrintSpace>
    </Page>
  </Layout>
</alto>
