1875 2892
944 373 142 89 AVIS

421 532 1179 68 de deux à quatre heures du soir, Hôtel des Commissaires-Priseurs,

498 491 1104 58 Il y aura, le 20 janvier 1890, exposition publique des pièces,

421 583 181 62 salle n° 4.

506 629 1055 62 Les pièces seront visibles chez l’expert huit jours à l’avance.

508 677 747 58 L’authenticité des autographes est garantie.

508 713 1099 65 Huit jours sont accordés pour la vérification des pièces; passé

428 768 781 53 ce délai, aucune réclamation ne sera admise.

424 862 127 51 cation.

508 809 1101 63 Les acquéreurs payeront cinq pour cent en sus du prix d’adjudi¬

508 898 1099 68 M. ÉTIENNE Charavay, archiviste-paléographe, chargé de la

428 956 1056 65 vente, remplira les commissions qu’on voudra bien lui confier.

751 1166 531 87 EN PRÉPARATION :

510 1301 817 79 Catalogues des Collections DUBRUNFAUT, etc.

826 1532 383 75 EN VENTE :

433 1636 1181 63 TRAITÉ PRATIQUE DE GRAPHOLOGIE, étude du caractère de l’homme

472 1687 1140 60 d’après son écriture, par J. CRÉPIEUX-JAMIN. 1 vol. in-18 de

472 1723 1142 67 268 pages................................................... 3 fr. 50

508 1773 1106 68 Ce volume, orné de 179 figures, doit faire partie de la biblio¬

433 1824 620 60 thèque des amateurs d’autographes.

436 1867 1176 61 LETTRES AUTOGRAPHES COMPOSANT LA COLLECTION DE M. ALFRED

477 1911 1135 60 BOVET, décrites par ÉTIENNE CHARAVAY, ouvrage imprimé sous

477 1949 1135 60 la direction de FErnanb CALMETTES. 1 vol. grand in-4°, de

479 1990 1133 65 1,000 pages, imprimé sur papier de luxe, avec encadrement rouge

472 2041 1140 53 à chaque page.................................150 fr.

515 2084 1097 60 Ce volume exceptionnel est à la fois un précieux ouvrage histo¬

433 2123 1181 67 rique et un chef-d’œuvre de la typographie française. La collection

436 2169 1181 57 de M. Alfred Bovet est justement célèbre, et son inventaire est un

441 2207 1176 53 véritable modèle du genre. Ce livre est orné de 49 héliogravures

438 2248 1174 60 hors texte et de 2,000 fac-similés dans le texte. C’est un guide

438 2284 1176 60 lindispensable à tout amateur d’autographes et un album des plus

441 2330 1120 75 curieux que tout bibliophile voudra avoir sur la table de son salon.
