1875 2879
938 311 132 80 — 2 —

403 412 1239 72 4. ANNE DE FRANCE, dame de Beaujeu, fille de Louis XI,

477 467 1160 68 régente pendant la minorité de Charles VIll, n. 1462,

477 513 200 67 m. 1522.

518 549 884 101 L. s. au chancelier ; Chantelle, 26 juin, 1 p. in-4.

508 642 1134 68 Superbe lettre où elle le prie d'expédier au plus tôt les lettres d'au¬

465 690 843 56 torisation des nouvelles coutumes du Bourbonnais.

403 729 1236 115 5. ARMENONVILLE (Joseph-Jean-Bapiste FLEURIAU d’),

480 827 1159 65 ministre de la Marine et garde des Sceaux sous la Régence,

477 875 197 77 m. 1728.

516 933 790 77 L. a. s. ; Paris, 12 janvier (1718), 2 p. in-4.

506 1005 1128 67 Belle lettre où il annonce la nomination de son fils (le comte de Mor¬

448 1055 545 51 ville) à l'ambassade de Hollande.

408 1125 1234 86 6. ARNDT (Ernst-Moritz), le célèbre poète allemand, n. 1769,

482 1173 204 67 m. 1860.

518 1242 1131 79 Letster Zug an Gott (Dernière aspiration à Dieu), pièce de vers

499 1283 593 77 aut. sig., 4 p. in-4. Superbe pièce.

408 1355 1238 103 7. AUBER (Daniel-François-Esprit), célèbre compositeur de

484 1429 581 60 musique, n. 1782, m. 1871.

518 1473 821 79 L. a. s. à un député ; 11 janv. 1835, 1 p. in-8.

489 1533 1045 93 Jolie lettre où il le remercie des démarches faites en sa faveur.

412 1619 1232 77 8. AUGIER (Émile), célèbre auteur dramatique, membre

484 1681 901 87 de l'Académie française, n. 1820, m. 1889.

508 1756 574 72 L. a. s. à un éditeur, 2 p. in-8.

506 1796 1140 75 Jolle lettre sur un travail qu'il lui a demandé. — Elle est placée en

472 1856 1172 75 tête d’un exemplaire de sa comédie La pierre de touche. Une lettre aut.

463 1895 550 55 sig. de Jules Sandeau est jointe.

410 1950 1239 77 9. BARTHE (Nicolas-Thomas), célèbre poète comique, auteur

487 2022 1159 84 des Fausses infidelités, n. à Marseille, 1734, m. 1785.

523 2082 886 72 L. a. s. ; La Grange, 18 août, 1 p. 1/2 in-8. Rare.

504 2142 1140 65 Jolie lettre. Il envoie les statuts de l’Opéra avec des notes de Cham¬

468 2190 1178 106 fort. « Si cette bagatelle n'amuse point M. de Voltaire, je me plaindrai

468 2236 175 60 de vous. »
