1842 2921
918 355 183 66 — 10 —

384 447 1275 81 47. HOFER (Andreas), le fameux chef des insurgés du Tyrol

482 489 936 75 contre les Français, n. 1767, fusillé en 1810.

521 550 1135 92 L. s.; 22 septembre 1809, 1 p. 3/4 de p. in-fol. Belle pièce.

482 618 112 75 Rare.

389 671 1265 93 48. HUGO (Léopold, comte), célèbre général, qui s’empara

484 739 1170 86 du brigand Fra-Diavolo, père du grand poète, n. 1774,

484 798 188 61 m. 1828.

526 813 1133 136 L. a. s. au duc de Feltre ; Guadalaxara, 18 août 1811, 1 p.

487 912 329 61 in-fol. Belle pièce.

394 963 1267 103 49. JOUBERT (Barthélemy-Catherine), illustre général de la

492 1022 1169 90 République, n. 1769, tué à la bataille de Novi en 1799.

531 1075 1128 122 L. a. s. au général Grouchy; Verceil, 18 frimaire an Vl, 3/4 de

487 1163 265 63 p. in-4. Rare.

511 1197 1131 78 Curieuse épitre où il déclare qu'il a fait prévenir  le roi de Sardaigne

482 1241 1162 66 « que je ne lui ferai aucune proposition tant qu’il aura auprès de lui

482 1287 806 85 les hommes qui l’ont fait manquer à l'alliance. »

399 1343 1265 90 30. KLEBER (Jean-Bapliste), l’illustre général républicain,

494 1419 582 70 assassiné au Caire en 1800.

533 1455 1136 100 L. a. s. à Scherer; Hex, 30 thermidor an II, 1 p. in-fol., tête

492 1523 908 76 imp. et vign. avec cette devise : Vive la Montagne.

516 1557 1148 100 SUPERBE LETTRE où il le felicite de la prise du Qnesnoy, « Puisse-tu

492 1623 1164 68 prendre avec autant de gloire la place de Valentienne, te réunir ensuite

487 1650 1177 78 à nous pour entreprendre de suite le siège de Maestrich. Je serai bien

489 1694 1167 70 volontier un de ses généraux de tranchée et je tâcherai d’être encore

487 1730 1177 71 un de ceux des quels tu aurois le moins à te plaindre. » Il lui fait

487 1764 1177 73 connaître ensuite les détails de sa position. — Pajol (depuis général) a

487 1808 779 59 ajouté un post-scriptum aut. sig. de six lignes.

404 1859 1265 93 51. LA BÉDOYÈRE (Charles, comte de), célèbre général, qui

504 1922 1165 86 accueillit Napoléon à Grenoble lors du retour de l’ile

504 1978 670 78 d’Elbe, n. 1786, fusillé en 1815.

543 2044 680 78 P. s. ; Paris, 13 avril 1815, 1 p. in-4.

409 2107 1269 112 52. LACY (Moritz, comte de), célebre général autrichien,

509 2176 923 73 adversaire de Frédérie II, n. 1725, m. 1801.

545 2222 1014 124 P. s. ; Vienne, 29 sept, 1770, 1 p. 1/2 in-fol. Belle pièce.
