<?xml version="1.0" encoding="UTF-8"?>
<alto xmlns:xsi="http://www.w3.org/2001/XMLSchema-instance"
      xmlns="http://www.loc.gov/standards/alto/ns-v4#"
      xsi:schemaLocation="http://www.loc.gov/standards/alto/ns-v4# http://www.loc.gov/standards/alto/v4/alto-4-2.xsd">
  <Description>
    <MeasurementUnit>pixel</MeasurementUnit>
    <sourceImageInformation>
      <fileName>CAT_000434.pdf_page_26.png</fileName>
      
    </sourceImageInformation>
  </Description>
  
  <Tags>
    <OtherTag ID="BT3838" LABEL="TitlePageZone" DESCRIPTION="block type TitlePageZone"/><OtherTag ID="BT3837" LABEL="RunningTitleZone" DESCRIPTION="block type RunningTitleZone"/><OtherTag ID="BT3836" LABEL="NumberingZone" DESCRIPTION="block type NumberingZone"/><OtherTag ID="BT3835" LABEL="MarginTextZone" DESCRIPTION="block type MarginTextZone"/><OtherTag ID="BT3834" LABEL="MainZone" DESCRIPTION="block type MainZone"/><OtherTag ID="BT3833" LABEL="Illustration" DESCRIPTION="block type Illustration"/><OtherTag ID="BT3832" LABEL="GraphicZone" DESCRIPTION="block type GraphicZone"/><OtherTag ID="BT3831" LABEL="CustomZone:EntryEnd" DESCRIPTION="block type CustomZone:EntryEnd"/><OtherTag ID="BT3830" LABEL="CustomZone:Entry" DESCRIPTION="block type CustomZone:Entry"/>
    <OtherTag ID="LT1297" LABEL="HeadingLine" DESCRIPTION="line type HeadingLine"/><OtherTag ID="LT1296" LABEL="DefaultLine" DESCRIPTION="line type DefaultLine"/>
  </Tags>
  
  <Layout>
    <Page WIDTH="1854"
          HEIGHT="2912"
          PHYSICAL_IMG_NR="25"
          ID="eSc_dummypage_">
      <PrintSpace HPOS="0"
                  VPOS="0"
                  WIDTH="1854"
                  HEIGHT="2912">
        
        <TextBlock HPOS="931"
                   VPOS="369"
                   WIDTH="188"
                   HEIGHT="43"
                   ID="eSc_textblock_9b4253c7"
                   TAGREFS="BT3836">
          <Shape><Polygon POINTS="931 412 931 369 1119 369 1119 412"/></Shape>
          
          
          <TextLine ID="eSc_line_65e2abd7"
                    TAGREFS="LT1296"
                    BASELINE="943 407 1111 400" 
                    HPOS="941"
                    VPOS="368"
                    WIDTH="170"
                    HEIGHT="56">
            <Shape><Polygon POINTS="1087 376 1062 373 1038 371 1016 368 975 371 965 373 941 376 943 407 943 424 1109 422 1111 400 1104 371 1087 376"/></Shape>
	    <String CONTENT="— 24 —"
                    HPOS="941"
                    VPOS="368"
                    WIDTH="170"
                    HEIGHT="56"></String>
          </TextLine>

          
        </TextBlock>
        
        <TextBlock HPOS="331"
                   VPOS="431"
                   WIDTH="1369"
                   HEIGHT="1901"
                   ID="eSc_textblock_c8e35387"
                   TAGREFS="BT3834">
          <Shape><Polygon POINTS="1700 2332 1700 431 331 431 331 2332"/></Shape>
          
          
          <TextLine ID="eSc_line_064a2f81"
                    TAGREFS="LT1296"
                    BASELINE="533 482 1664 490" 
                    HPOS="531"
                    VPOS="446"
                    WIDTH="1133"
                    HEIGHT="56">
            <Shape><Polygon POINTS="1650 453 1625 453 1601 453 1577 453 1553 453 1528 453 1504 453 1480 453 1456 453 1431 451 1407 451 1383 451 1358 451 1334 451 1310 451 1286 451 1261 451 1237 451 1213 451 1189 448 1164 448 1140 448 1116 448 1092 448 1067 448 1043 448 1019 448 994 448 970 446 946 446 922 446 897 446 873 446 849 446 825 446 800 446 776 446 752 446 728 446 703 446 679 448 655 448 630 451 606 451 582 453 558 453 533 453 533 482 531 495 1659 502 1664 490 1662 451 1650 453"/></Shape>
	    <String CONTENT="L. s., avec 4 lignes autographes (à Berthier); Schweinfurt,"
                    HPOS="531"
                    VPOS="446"
                    WIDTH="1133"
                    HEIGHT="56"></String>
          </TextLine>

          
          
          <TextLine ID="eSc_line_ba859b37"
                    TAGREFS="LT1296"
                    BASELINE="499 521 980 526" 
                    HPOS="497"
                    VPOS="482"
                    WIDTH="483"
                    HEIGHT="59">
            <Shape><Polygon POINTS="960 487 936 487 912 487 902 485 737 485 718 485 694 485 669 485 645 485 621 485 596 485 572 485 548 485 524 485 521 482 499 482 499 521 497 541 977 541 980 526 977 487 960 487"/></Shape>
	    <String CONTENT="2 oct. 1806, 1 p. 1/2 in-fol."
                    HPOS="497"
                    VPOS="482"
                    WIDTH="483"
                    HEIGHT="59"></String>
          </TextLine>

          
          
          <TextLine ID="eSc_line_3dcf3764"
                    TAGREFS="LT1296"
                    BASELINE="519 584 1662 589" 
                    HPOS="514"
                    VPOS="538"
                    WIDTH="1145"
                    HEIGHT="66">
            <Shape><Polygon POINTS="516 582 514 592 1655 604 1659 587 1657 538 516 538 516 582"/></Shape>
	    <String CONTENT="Intéressante lettre sur les préliminaires de la victoire d&#39;Iéna. Lefebvre"
                    HPOS="514"
                    VPOS="538"
                    WIDTH="1145"
                    HEIGHT="66"></String>
          </TextLine>

          
          
          <TextLine ID="eSc_line_6904ebb2"
                    TAGREFS="LT1296"
                    BASELINE="485 616 1606 630 1645 630" 
                    HPOS="480"
                    VPOS="570"
                    WIDTH="1162"
                    HEIGHT="68">
            <Shape><Polygon POINTS="1623 587 1599 587 1574 587 1550 587 1526 587 1502 587 1477 587 1453 587 1429 587 1405 587 1380 587 1356 587 1332 587 1307 587 1283 587 1259 587 1235 587 1210 587 1186 587 1162 587 1138 587 1113 587 1089 587 1065 584 1041 584 1016 584 992 584 968 584 943 584 919 584 895 584 871 584 846 584 822 584 798 584 774 584 749 584 725 584 701 584 677 584 652 584 628 584 604 584 579 584 555 584 531 584 524 570 482 570 482 613 480 623 1638 638 1642 628 1640 587 1623 587"/></Shape>
	    <String CONTENT="dit que le camp qu’il a fait tracer en avant de Schweinfurt pourra con¬"
                    HPOS="480"
                    VPOS="570"
                    WIDTH="1162"
                    HEIGHT="68"></String>
          </TextLine>

          
          
          <TextLine ID="eSc_line_826623f1"
                    TAGREFS="LT1296"
                    BASELINE="485 657 1237 652" 
                    HPOS="482"
                    VPOS="616"
                    WIDTH="755"
                    HEIGHT="65">
            <Shape><Polygon POINTS="1210 621 1186 621 1162 621 1138 621 1113 621 1089 621 1065 621 1041 621 1016 621 992 621 968 621 943 621 919 621 895 621 871 618 856 618 846 618 822 618 798 618 774 618 749 618 725 618 701 618 677 618 652 618 628 618 604 618 579 618 555 618 531 618 507 618 482 616 485 657 485 669 856 669 871 677 883 681 885 681 888 681 912 677 958 664 975 677 977 679 977 681 980 681 982 681 985 681 987 681 994 679 1016 667 1232 681 1237 652 1232 621 1210 621"/></Shape>
	    <String CONTENT="tenir la quantité des troupes qu’il a désignée."
                    HPOS="482"
                    VPOS="616"
                    WIDTH="755"
                    HEIGHT="65"></String>
          </TextLine>

          
          
          <TextLine ID="eSc_line_92cbf24d"
                    TAGREFS="LT1296"
                    BASELINE="378 747 1368 747 1662 757" 
                    HPOS="376"
                    VPOS="698"
                    WIDTH="1286"
                    HEIGHT="78">
            <Shape><Polygon POINTS="1645 701 1604 698 1589 698 1565 698 1540 698 1516 698 1492 698 1468 698 1463 701 1460 701 1453 701 1431 698 1419 698 1395 698 1371 698 1349 698 1324 698 1300 698 1276 698 1252 698 1227 698 1203 698 1179 698 1155 698 1130 698 1106 698 1082 698 1058 698 1033 698 1009 698 985 698 960 698 936 698 912 698 888 698 863 698 839 698 815 698 791 698 766 698 742 698 718 698 694 698 669 698 645 698 621 698 596 698 572 698 548 698 524 698 499 698 475 701 451 703 427 703 402 706 385 723 378 747 376 769 694 761 808 774 822 774 825 776 1659 776 1662 757 1659 706 1645 701"/></Shape>
	    <String CONTENT="124. TALLEYRAND-PÉRIGORD (Charles-Maurice, prince de),"
                    HPOS="376"
                    VPOS="698"
                    WIDTH="1286"
                    HEIGHT="78"></String>
          </TextLine>

          
          
          <TextLine ID="eSc_line_1d9271c5"
                    TAGREFS="LT1296"
                    BASELINE="497 798 1373 798" 
                    HPOS="497"
                    VPOS="749"
                    WIDTH="876"
                    HEIGHT="68">
            <Shape><Polygon POINTS="497 798 497 812 1371 817 1373 798 1373 757 497 749 497 798"/></Shape>
	    <String CONTENT="l’illustre homme d’État, n. 1754, m. 1838."
                    HPOS="497"
                    VPOS="749"
                    WIDTH="876"
                    HEIGHT="68"></String>
          </TextLine>

          
          
          <TextLine ID="eSc_line_562de929"
                    TAGREFS="LT1296"
                    BASELINE="533 873 1669 878" 
                    HPOS="531"
                    VPOS="805"
                    WIDTH="1138"
                    HEIGHT="112">
            <Shape><Polygon POINTS="1650 825 1388 825 1375 822 1288 808 1286 808 1283 808 1249 820 1244 825 1113 825 1111 820 1101 808 1099 808 1099 805 1096 805 1094 805 1092 805 982 820 970 820 960 820 888 805 885 805 825 817 815 820 810 817 781 805 778 805 776 805 774 805 732 817 730 817 728 817 674 805 672 805 669 805 667 805 652 817 647 820 543 817 533 829 533 873 531 890 669 907 672 907 953 895 977 910 980 910 982 910 985 910 987 910 1009 900 1106 914 1109 914 1174 902 1201 914 1203 914 1206 917 1519 917 1519 914 1521 914 1567 900 1606 914 1608 914 1611 914 1613 914 1667 895 1669 878 1664 851 1650 825"/></Shape>
	    <String CONTENT="L. a. au genéral Marmont; Varsovie, 6 févr. 1807, 1 p. 1/2"
                    HPOS="531"
                    VPOS="805"
                    WIDTH="1138"
                    HEIGHT="112"></String>
          </TextLine>

          
          
          <TextLine ID="eSc_line_c990a74c"
                    TAGREFS="LT1296"
                    BASELINE="497 917 611 912" 
                    HPOS="495"
                    VPOS="863"
                    WIDTH="116"
                    HEIGHT="68">
            <Shape><Polygon POINTS="592 876 567 876 543 876 533 866 504 863 495 876 497 917 497 931 611 924 611 912 606 876 592 876"/></Shape>
	    <String CONTENT="in-fol."
                    HPOS="495"
                    VPOS="863"
                    WIDTH="116"
                    HEIGHT="68"></String>
          </TextLine>

          
          
          <TextLine ID="eSc_line_95153295"
                    TAGREFS="LT1296"
                    BASELINE="519 980 1667 980" 
                    HPOS="519"
                    VPOS="914"
                    WIDTH="1148"
                    HEIGHT="83">
            <Shape><Polygon POINTS="1659 941 1655 931 1502 931 1499 929 1482 914 1480 914 1477 914 1475 914 1312 929 1291 929 1288 929 1274 914 1271 914 1269 914 1266 914 1191 926 1174 929 1152 926 1055 914 1053 914 956 926 922 929 863 924 723 914 720 914 519 922 519 980 519 997 1667 992 1667 980 1664 943 1659 941"/></Shape>
	    <String CONTENT="PIÈCE HISTORIQUE écrite deux jours avant la bataille d&#39;Eylau. Il lui"
                    HPOS="519"
                    VPOS="914"
                    WIDTH="1148"
                    HEIGHT="83"></String>
          </TextLine>

          
          
          <TextLine ID="eSc_line_7a9f2d4a"
                    TAGREFS="LT1296"
                    BASELINE="485 1011 1667 1016" 
                    HPOS="482"
                    VPOS="977"
                    WIDTH="1185"
                    HEIGHT="51">
            <Shape><Polygon POINTS="1650 982 1625 982 1601 982 1577 982 1553 982 1528 982 1504 982 1480 982 1456 982 1431 982 1407 982 1383 982 1358 982 1334 982 1310 982 1286 982 1261 982 1237 982 1213 982 1189 982 1164 982 1140 982 1116 982 1092 982 1067 982 1043 982 1019 982 994 982 970 982 946 982 922 982 897 982 873 982 849 982 825 982 800 982 776 982 752 982 728 982 703 982 679 982 655 982 630 982 606 982 582 982 558 982 533 982 531 977 492 977 485 1004 485 1011 482 1024 1662 1028 1667 1016 1664 982 1650 980 1650 982"/></Shape>
	    <String CONTENT="mande que les Russes ayant rompu leurs quartiers d’hiver et attaqué le"
                    HPOS="482"
                    VPOS="977"
                    WIDTH="1185"
                    HEIGHT="51"></String>
          </TextLine>

          
          
          <TextLine ID="eSc_line_2920e36a"
                    TAGREFS="LT1296"
                    BASELINE="485 1048 1662 1053" 
                    HPOS="482"
                    VPOS="1007"
                    WIDTH="1180"
                    HEIGHT="58">
            <Shape><Polygon POINTS="1407 1016 1383 1016 1358 1016 1334 1016 1310 1016 1286 1016 1261 1016 1237 1016 1213 1016 1189 1016 1164 1016 1140 1016 1116 1016 1092 1016 1067 1014 1043 1014 1019 1014 994 1014 970 1014 946 1014 922 1014 897 1014 873 1014 849 1014 825 1014 800 1014 776 1014 752 1014 728 1014 703 1014 679 1014 655 1014 630 1014 606 1014 582 1014 558 1014 533 1014 509 1014 495 1007 485 1007 485 1048 482 1065 1659 1065 1662 1053 1659 1019 1424 1016 1407 1016"/></Shape>
	    <String CONTENT="corps d’armée du maréchal Ney, l’Empereur a quitté Varsovie le 30 jan¬"
                    HPOS="482"
                    VPOS="1007"
                    WIDTH="1180"
                    HEIGHT="58"></String>
          </TextLine>

          
          
          <TextLine ID="eSc_line_802fde36"
                    TAGREFS="LT1296"
                    BASELINE="485 1084 1664 1089" 
                    HPOS="482"
                    VPOS="1048"
                    WIDTH="1182"
                    HEIGHT="51">
            <Shape><Polygon POINTS="1650 1053 1625 1053 1601 1053 1577 1053 1553 1053 1528 1053 1504 1053 1480 1053 1456 1053 1431 1053 1407 1053 1383 1053 1358 1053 1334 1053 1310 1053 1286 1053 1261 1053 1237 1053 1213 1053 1189 1053 1164 1053 1140 1053 1116 1053 1092 1053 1067 1050 1043 1050 1019 1050 994 1050 970 1050 946 1050 922 1050 897 1050 873 1050 849 1050 825 1050 800 1050 776 1050 752 1050 728 1050 703 1050 679 1050 655 1050 630 1050 606 1050 582 1050 558 1050 533 1050 509 1050 507 1048 485 1048 485 1084 482 1094 1659 1099 1664 1089 1659 1048 1650 1048 1650 1053"/></Shape>
	    <String CONTENT="vier et aussitôt signalé la reprise des opérations par de nombreux"
                    HPOS="482"
                    VPOS="1048"
                    WIDTH="1182"
                    HEIGHT="51"></String>
          </TextLine>

          
          
          <TextLine ID="eSc_line_7fb639ad"
                    TAGREFS="LT1296"
                    BASELINE="485 1121 1591 1125" 
                    HPOS="482"
                    VPOS="1084"
                    WIDTH="1109"
                    HEIGHT="61">
            <Shape><Polygon POINTS="1577 1089 1553 1089 1528 1089 1504 1089 1480 1089 1456 1089 1431 1089 1407 1089 1383 1089 1358 1089 1334 1089 1310 1089 1286 1089 1261 1089 1237 1089 1213 1089 1189 1089 1164 1089 1140 1089 1116 1089 1092 1089 1067 1087 1036 1087 1019 1087 994 1087 970 1087 946 1087 922 1087 897 1087 873 1087 849 1087 825 1087 800 1087 776 1087 752 1087 728 1087 703 1087 679 1087 655 1087 630 1087 606 1087 582 1087 558 1087 533 1087 509 1087 507 1084 485 1084 485 1121 482 1145 1589 1145 1591 1125 1589 1089 1577 1089"/></Shape>
	    <String CONTENT="avantages, notamment à Allenstein, où les Russes ont été culbutés."
                    HPOS="482"
                    VPOS="1084"
                    WIDTH="1109"
                    HEIGHT="61"></String>
          </TextLine>

          
          
          <TextLine ID="eSc_line_a270a781"
                    TAGREFS="LT1296"
                    BASELINE="376 1215 1004 1215" 
                    HPOS="376"
                    VPOS="1169"
                    WIDTH="628"
                    HEIGHT="83">
            <Shape><Polygon POINTS="982 1181 958 1174 934 1174 910 1174 885 1174 861 1174 837 1174 812 1174 788 1174 764 1174 740 1174 715 1174 691 1174 667 1174 643 1174 618 1174 594 1174 570 1174 546 1174 521 1174 497 1174 473 1174 448 1174 424 1174 400 1174 376 1169 376 1215 376 1227 728 1230 735 1240 747 1249 747 1252 749 1252 752 1252 754 1252 1004 1244 1004 1215 994 1186 982 1181"/></Shape>
	    <String CONTENT="125. BERTHIER (Alexandre)."
                    HPOS="376"
                    VPOS="1169"
                    WIDTH="628"
                    HEIGHT="83"></String>
          </TextLine>

          
          
          <TextLine ID="eSc_line_1b590bd0"
                    TAGREFS="LT1296"
                    BASELINE="533 1288 1664 1300" 
                    HPOS="531"
                    VPOS="1252"
                    WIDTH="1133"
                    HEIGHT="85">
            <Shape><Polygon POINTS="1650 1259 1625 1257 1621 1254 1300 1252 1286 1254 1261 1254 1237 1254 1213 1254 1189 1254 1164 1254 1140 1254 1116 1254 1092 1254 1067 1254 1043 1257 1019 1257 994 1257 970 1257 946 1257 922 1257 897 1257 873 1257 849 1257 825 1257 800 1257 776 1259 752 1259 728 1259 703 1259 679 1259 655 1259 630 1259 606 1259 582 1259 558 1259 533 1259 533 1288 531 1312 759 1329 761 1329 1201 1322 1220 1334 1223 1334 1225 1334 1227 1334 1417 1322 1419 1322 1422 1322 1504 1337 1506 1337 1662 1322 1664 1300 1662 1269 1650 1259"/></Shape>
	    <String CONTENT="P. s.; Eylau, 16 février 1807, quatre heures du matin, 7 p."
                    HPOS="531"
                    VPOS="1252"
                    WIDTH="1133"
                    HEIGHT="85"></String>
          </TextLine>

          
          
          <TextLine ID="eSc_line_1eb9de10"
                    TAGREFS="LT1296"
                    BASELINE="495 1334 616 1334" 
                    HPOS="495"
                    VPOS="1281"
                    WIDTH="121"
                    HEIGHT="80">
            <Shape><Polygon POINTS="567 1290 543 1290 519 1290 516 1283 495 1281 495 1334 495 1361 616 1349 616 1334 616 1295 575 1290 567 1290"/></Shape>
	    <String CONTENT="in-fol."
                    HPOS="495"
                    VPOS="1281"
                    WIDTH="121"
                    HEIGHT="80"></String>
          </TextLine>

          
          
          <TextLine ID="eSc_line_44594137"
                    TAGREFS="LT1296"
                    BASELINE="521 1397 1664 1397" 
                    HPOS="521"
                    VPOS="1354"
                    WIDTH="1143"
                    HEIGHT="58">
            <Shape><Polygon POINTS="1662 1368 1638 1356 1613 1356 1589 1356 1565 1356 1540 1356 1516 1356 1492 1356 1468 1356 1443 1356 1419 1356 1395 1356 1371 1356 1346 1356 1322 1356 1298 1356 1274 1356 1249 1356 1225 1356 1201 1356 1176 1356 1152 1356 1128 1356 1104 1356 1079 1356 1055 1356 1031 1356 1007 1356 982 1356 958 1356 934 1356 910 1356 885 1356 861 1356 837 1356 812 1356 788 1356 764 1356 740 1356 715 1356 713 1354 521 1354 521 1397 521 1412 1664 1412 1664 1397 1662 1368 1662 1368"/></Shape>
	    <String CONTENT="PRÉCIEUX DOCUMENT HISTORIQUE. Dispositions générales relatives au chan¬"
                    HPOS="521"
                    VPOS="1354"
                    WIDTH="1143"
                    HEIGHT="58"></String>
          </TextLine>

          
          
          <TextLine ID="eSc_line_f57fef87"
                    TAGREFS="LT1296"
                    BASELINE="485 1429 1664 1436" 
                    HPOS="482"
                    VPOS="1392"
                    WIDTH="1182"
                    HEIGHT="56">
            <Shape><Polygon POINTS="1358 1400 1334 1400 1310 1400 1286 1400 1261 1400 1237 1400 1213 1400 1189 1400 1164 1400 1140 1400 1116 1400 1092 1400 1067 1400 1043 1400 1019 1400 994 1400 970 1400 946 1400 922 1400 897 1400 873 1400 849 1400 825 1400 800 1400 776 1400 752 1400 728 1400 703 1400 679 1400 655 1400 630 1400 606 1400 582 1400 558 1400 533 1400 529 1392 485 1392 485 1429 482 1448 1662 1448 1664 1436 1662 1402 1366 1400 1358 1400"/></Shape>
	    <String CONTENT="gement de position de l’armée. Berthier indique les mouvements à faire"
                    HPOS="482"
                    VPOS="1392"
                    WIDTH="1182"
                    HEIGHT="56"></String>
          </TextLine>

          
          
          <TextLine ID="eSc_line_8afc2569"
                    TAGREFS="LT1296"
                    BASELINE="487 1465 1662 1470" 
                    HPOS="485"
                    VPOS="1431"
                    WIDTH="1177"
                    HEIGHT="56">
            <Shape><Polygon POINTS="1652 1436 1628 1436 1604 1436 1579 1436 1555 1436 1531 1436 1506 1436 1482 1436 1458 1436 1434 1436 1409 1436 1385 1436 1361 1436 1337 1436 1312 1436 1288 1436 1271 1434 1072 1434 1070 1434 1045 1434 1021 1434 997 1434 973 1434 948 1434 924 1434 900 1434 890 1431 487 1431 487 1465 485 1482 1657 1487 1662 1470 1659 1436 1652 1436"/></Shape>
	    <String CONTENT="par les maréchaux Ney, Davout, Soult et Bernadotte, du 16 au"
                    HPOS="485"
                    VPOS="1431"
                    WIDTH="1177"
                    HEIGHT="56"></String>
          </TextLine>

          
          
          <TextLine ID="eSc_line_1ab46c00"
                    TAGREFS="LT1296"
                    BASELINE="485 1502 1662 1509" 
                    HPOS="482"
                    VPOS="1468"
                    WIDTH="1180"
                    HEIGHT="51">
            <Shape><Polygon POINTS="487 1482 485 1502 482 1511 1657 1519 1662 1509 1659 1472 507 1468 487 1482"/></Shape>
	    <String CONTENT="19 février. Le quartier impérial se rendra le 18 à Freymarkt et le 19 à"
                    HPOS="482"
                    VPOS="1468"
                    WIDTH="1180"
                    HEIGHT="51"></String>
          </TextLine>

          
          
          <TextLine ID="eSc_line_65eaf4a8"
                    TAGREFS="LT1296"
                    BASELINE="485 1536 1667 1545" 
                    HPOS="482"
                    VPOS="1502"
                    WIDTH="1185"
                    HEIGHT="51">
            <Shape><Polygon POINTS="1650 1509 1625 1509 1601 1509 1577 1509 1553 1509 1528 1509 1504 1509 1480 1509 1456 1509 1431 1509 1407 1509 1383 1509 1358 1509 1334 1509 1310 1509 1286 1509 1261 1506 1237 1506 1213 1506 1189 1506 1164 1506 1140 1506 1116 1506 1092 1506 1067 1506 1043 1506 1019 1506 994 1506 970 1506 946 1506 922 1506 897 1506 873 1504 849 1504 825 1504 800 1504 776 1504 752 1504 728 1504 703 1504 679 1504 655 1504 630 1504 606 1504 582 1504 558 1504 533 1504 509 1504 487 1516 485 1536 482 1550 1662 1553 1667 1545 1664 1504 1650 1502 1650 1509"/></Shape>
	    <String CONTENT="Liebstadt. « Il est ordonné à tous les corps de marcher dans le plus"
                    HPOS="482"
                    VPOS="1502"
                    WIDTH="1185"
                    HEIGHT="51"></String>
          </TextLine>

          
          
          <TextLine ID="eSc_line_a9254fb6"
                    TAGREFS="LT1296"
                    BASELINE="485 1579 1594 1579" 
                    HPOS="485"
                    VPOS="1538"
                    WIDTH="1109"
                    HEIGHT="58">
            <Shape><Polygon POINTS="1577 1545 1553 1545 1528 1545 1504 1545 1480 1545 1456 1545 1431 1545 1407 1545 1383 1545 1358 1543 1334 1543 1310 1543 1286 1543 1261 1543 1237 1543 1213 1543 1189 1543 1164 1543 1140 1543 1116 1543 1092 1543 1067 1540 1033 1540 1019 1540 994 1540 970 1540 946 1540 922 1540 897 1540 873 1540 849 1540 825 1540 800 1540 788 1538 485 1538 485 1579 485 1596 1594 1591 1594 1579 1591 1574 1577 1545"/></Shape>
	    <String CONTENT="grand ordre. MM. les maréchaux en sentiront assez l’importance. »"
                    HPOS="485"
                    VPOS="1538"
                    WIDTH="1109"
                    HEIGHT="58"></String>
          </TextLine>

          
          
          <TextLine ID="eSc_line_2c8dc07b"
                    TAGREFS="LT1296"
                    BASELINE="373 1667 1667 1671" 
                    HPOS="371"
                    VPOS="1611"
                    WIDTH="1296"
                    HEIGHT="80">
            <Shape><Polygon POINTS="1659 1630 1650 1625 1589 1618 1587 1618 1562 1616 1540 1616 1516 1625 1511 1625 1504 1625 1426 1613 1424 1613 1172 1621 1024 1625 1011 1618 999 1611 997 1611 994 1611 992 1611 990 1611 960 1618 943 1623 926 1618 910 1613 907 1613 885 1613 883 1618 876 1623 834 1618 817 1616 810 1616 786 1618 761 1618 737 1618 713 1621 689 1621 664 1621 640 1621 616 1623 592 1623 567 1623 543 1625 519 1625 495 1625 470 1625 446 1628 422 1628 397 1628 373 1628 373 1667 371 1684 1662 1691 1667 1671 1664 1657 1659 1630"/></Shape>
	    <String CONTENT="126. ANDRÉOSSY (Antoine-François, comte), célèbre général"
                    HPOS="371"
                    VPOS="1611"
                    WIDTH="1296"
                    HEIGHT="80"></String>
          </TextLine>

          
          
          <TextLine ID="eSc_line_d119e468"
                    TAGREFS="LT1296"
                    BASELINE="492 1715 1659 1722" 
                    HPOS="490"
                    VPOS="1674"
                    WIDTH="1169"
                    HEIGHT="65">
            <Shape><Polygon POINTS="1657 1715 1638 1679 492 1674 492 1715 490 1725 1655 1739 1659 1722 1657 1713 1657 1715"/></Shape>
	    <String CONTENT="d’artillerie et diplomate, ambassadeur à Londres, n. 1761,"
                    HPOS="490"
                    VPOS="1674"
                    WIDTH="1169"
                    HEIGHT="65"></String>
          </TextLine>

          
          
          <TextLine ID="eSc_line_31f87008"
                    TAGREFS="LT1296"
                    BASELINE="492 1769 691 1769" 
                    HPOS="492"
                    VPOS="1725"
                    WIDTH="199"
                    HEIGHT="75">
            <Shape><Polygon POINTS="495 1742 492 1769 492 1800 691 1790 691 1769 691 1725 509 1725 495 1742"/></Shape>
	    <String CONTENT="m. 1828."
                    HPOS="492"
                    VPOS="1725"
                    WIDTH="199"
                    HEIGHT="75"></String>
          </TextLine>

          
          
          <TextLine ID="eSc_line_89e143d4"
                    TAGREFS="LT1296"
                    BASELINE="533 1841 1667 1851" 
                    HPOS="531"
                    VPOS="1790"
                    WIDTH="1136"
                    HEIGHT="80">
            <Shape><Polygon POINTS="1650 1803 1625 1803 1601 1803 1577 1803 1553 1803 1528 1803 1504 1803 1480 1803 1456 1803 1431 1803 1407 1803 1383 1803 1358 1803 1334 1803 1310 1803 1286 1803 1261 1803 1237 1803 1213 1803 1189 1803 1164 1803 1140 1803 1116 1803 1092 1803 1067 1803 1043 1803 1019 1803 994 1803 970 1803 946 1803 922 1803 897 1803 873 1803 849 1803 825 1803 800 1803 776 1803 752 1803 728 1803 723 1790 538 1790 533 1798 533 1841 531 1858 1662 1870 1667 1851 1667 1790 1650 1790 1650 1803"/></Shape>
	    <String CONTENT="L. s. au général Marmont; Vienne, 20 fév. 1807, 3 p. 1/2"
                    HPOS="531"
                    VPOS="1790"
                    WIDTH="1136"
                    HEIGHT="80"></String>
          </TextLine>

          
          
          <TextLine ID="eSc_line_647e34e0"
                    TAGREFS="LT1296"
                    BASELINE="492 1885 613 1880" 
                    HPOS="490"
                    VPOS="1829"
                    WIDTH="123"
                    HEIGHT="71">
            <Shape><Polygon POINTS="587 1844 562 1844 538 1844 536 1841 533 1844 490 1829 492 1885 492 1900 613 1900 613 1880 606 1844 587 1844"/></Shape>
	    <String CONTENT="in-fol."
                    HPOS="490"
                    VPOS="1829"
                    WIDTH="123"
                    HEIGHT="71"></String>
          </TextLine>

          
          
          <TextLine ID="eSc_line_027d3274"
                    TAGREFS="LT1296"
                    BASELINE="519 1943 1662 1948" 
                    HPOS="516"
                    VPOS="1890"
                    WIDTH="1146"
                    HEIGHT="78">
            <Shape><Polygon POINTS="1635 1919 1611 1919 1587 1919 1562 1919 1538 1919 1514 1917 1489 1917 1465 1917 1441 1917 1417 1917 1392 1917 1368 1914 1344 1914 1320 1914 1295 1914 1271 1914 1247 1914 1223 1914 1198 1912 1174 1912 1150 1912 1125 1912 1101 1912 1077 1912 1065 1895 519 1890 519 1943 516 1955 1657 1968 1662 1948 1657 1919 1635 1919"/></Shape>
	    <String CONTENT="PIÈCE HISTORIQUE où il lui raconte la victoire remportée le 8 février par"
                    HPOS="516"
                    VPOS="1890"
                    WIDTH="1146"
                    HEIGHT="78"></String>
          </TextLine>

          
          
          <TextLine ID="eSc_line_55eec624"
                    TAGREFS="LT1296"
                    BASELINE="480 1980 1657 1985" 
                    HPOS="478"
                    VPOS="1946"
                    WIDTH="1179"
                    HEIGHT="56">
            <Shape><Polygon POINTS="480 1953 480 1980 478 1994 1652 2002 1657 1985 1655 1951 485 1946 480 1953"/></Shape>
	    <String CONTENT="Napoléon sur le général Bennigsen à Eylau. L’affaire a duré de"
                    HPOS="478"
                    VPOS="1946"
                    WIDTH="1179"
                    HEIGHT="56"></String>
          </TextLine>

          
          
          <TextLine ID="eSc_line_586a74a3"
                    TAGREFS="LT1296"
                    BASELINE="478 2018 1657 2018" 
                    HPOS="478"
                    VPOS="1987"
                    WIDTH="1179"
                    HEIGHT="51">
            <Shape><Polygon POINTS="478 2018 478 2031 1655 2038 1657 2018 1657 1987 478 1987 478 2018"/></Shape>
	    <String CONTENT="8 heures du matin à la nuit ; elle a été extrêmement chaude. Nous avons"
                    HPOS="478"
                    VPOS="1987"
                    WIDTH="1179"
                    HEIGHT="51"></String>
          </TextLine>

          
          
          <TextLine ID="eSc_line_78e051ff"
                    TAGREFS="LT1296"
                    BASELINE="478 2050 1659 2057" 
                    HPOS="475"
                    VPOS="2018"
                    WIDTH="1184"
                    HEIGHT="49">
            <Shape><Polygon POINTS="1642 2021 1618 2021 1594 2021 1570 2021 1545 2021 1521 2021 1497 2021 1473 2021 1448 2021 1424 2021 1400 2021 1375 2021 1351 2021 1327 2021 1303 2021 1278 2021 1254 2021 1230 2021 1206 2021 1181 2021 1157 2021 1133 2021 1109 2021 1084 2021 1060 2021 1036 2021 1011 2021 987 2021 963 2021 939 2021 914 2021 890 2021 866 2021 842 2021 817 2021 793 2021 769 2021 744 2021 720 2021 696 2021 672 2021 647 2021 623 2021 599 2021 575 2021 550 2021 526 2021 502 2021 478 2021 478 2050 475 2060 1655 2067 1659 2057 1657 2021 1642 2018 1642 2021"/></Shape>
	    <String CONTENT="fait de 10 à 12, 000 prisonniers et nous nous sommes emparés de 40 piè¬"
                    HPOS="475"
                    VPOS="2018"
                    WIDTH="1184"
                    HEIGHT="49"></String>
          </TextLine>

          
          
          <TextLine ID="eSc_line_2c2ad2fd"
                    TAGREFS="LT1296"
                    BASELINE="478 2089 1659 2089" 
                    HPOS="478"
                    VPOS="2057"
                    WIDTH="1181"
                    HEIGHT="51">
            <Shape><Polygon POINTS="1642 2057 1618 2057 1594 2057 1570 2057 1545 2057 1521 2057 1497 2057 1473 2057 1448 2057 1424 2057 1400 2057 1375 2057 1351 2057 1327 2057 1303 2057 1278 2057 478 2057 478 2089 478 2108 1659 2103 1659 2089 1659 2057 1642 2057"/></Shape>
	    <String CONTENT="ces de canon et de 16 drapeaux. Les chasseurs de la garde se sont cou¬"
                    HPOS="478"
                    VPOS="2057"
                    WIDTH="1181"
                    HEIGHT="51"></String>
          </TextLine>

          
          
          <TextLine ID="eSc_line_ed862b32"
                    TAGREFS="LT1296"
                    BASELINE="480 2123 1659 2128" 
                    HPOS="478"
                    VPOS="2091"
                    WIDTH="1181"
                    HEIGHT="46">
            <Shape><Polygon POINTS="1062 2091 1038 2091 1014 2091 990 2091 965 2091 941 2091 917 2091 893 2091 868 2091 844 2091 820 2091 795 2091 771 2091 747 2091 723 2091 698 2091 674 2091 650 2091 626 2091 601 2091 577 2091 553 2091 529 2091 504 2091 480 2091 480 2123 478 2135 1655 2137 1659 2128 1657 2094 1067 2091 1062 2091"/></Shape>
	    <String CONTENT="verts de gloire. Le général Corbineau a été emporté par un boulet et le"
                    HPOS="478"
                    VPOS="2091"
                    WIDTH="1181"
                    HEIGHT="46"></String>
          </TextLine>

          
          
          <TextLine ID="eSc_line_06d03a34"
                    TAGREFS="LT1296"
                    BASELINE="482 2159 1664 2169" 
                    HPOS="480"
                    VPOS="2125"
                    WIDTH="1184"
                    HEIGHT="54">
            <Shape><Polygon POINTS="1186 2128 1162 2128 1138 2128 1113 2128 1089 2128 1077 2125 953 2125 943 2125 919 2125 895 2125 871 2125 846 2125 822 2125 798 2125 774 2125 749 2125 725 2125 701 2125 677 2125 652 2125 628 2125 604 2125 579 2125 555 2125 531 2125 507 2125 482 2125 482 2159 480 2174 1659 2179 1664 2169 1662 2133 1189 2128 1186 2128"/></Shape>
	    <String CONTENT="maréchal Augereau a été blessé. La grande armée, renforcée des corps"
                    HPOS="480"
                    VPOS="2125"
                    WIDTH="1184"
                    HEIGHT="54"></String>
          </TextLine>

          
          
          <TextLine ID="eSc_line_959197b7"
                    TAGREFS="LT1296"
                    BASELINE="480 2196 1482 2200" 
                    HPOS="478"
                    VPOS="2159"
                    WIDTH="1004"
                    HEIGHT="58">
            <Shape><Polygon POINTS="1473 2198 1451 2169 1426 2169 1402 2169 1378 2169 1354 2167 1329 2167 1305 2167 1281 2167 1257 2167 1232 2167 1208 2167 1184 2167 1159 2167 1135 2167 1111 2167 1087 2167 1062 2164 1038 2164 1014 2164 990 2164 965 2164 941 2164 917 2164 893 2164 868 2164 844 2164 820 2164 795 2164 771 2162 747 2162 723 2162 698 2162 674 2162 650 2162 626 2162 601 2162 577 2162 553 2162 529 2162 504 2162 480 2159 480 2196 478 2215 1477 2217 1482 2200 1477 2196 1473 2198"/></Shape>
	    <String CONTENT="de Bernadotte et de Ney, va courir à de nouveaux triomphes."
                    HPOS="478"
                    VPOS="2159"
                    WIDTH="1004"
                    HEIGHT="58"></String>
          </TextLine>

          
          
          <TextLine ID="eSc_line_431b70d5"
                    TAGREFS="LT1296"
                    BASELINE="376 2285 1664 2295" 
                    HPOS="373"
                    VPOS="2242"
                    WIDTH="1291"
                    HEIGHT="87">
            <Shape><Polygon POINTS="1640 2249 599 2242 594 2244 570 2244 546 2244 521 2247 497 2247 473 2247 448 2249 424 2249 400 2249 376 2244 376 2285 373 2315 1109 2315 1116 2317 1135 2327 1138 2327 1140 2329 1278 2329 1278 2327 1324 2317 1339 2315 1354 2317 1392 2329 1395 2329 1397 2329 1400 2329 1439 2317 1443 2317 1574 2317 1577 2317 1589 2329 1591 2329 1594 2329 1596 2329 1662 2317 1664 2295 1662 2288 1640 2249"/></Shape>
	    <String CONTENT="127. DUPONT (Pierre, comte), célèbre général, qui capitula"
                    HPOS="373"
                    VPOS="2242"
                    WIDTH="1291"
                    HEIGHT="87"></String>
          </TextLine>

          
        </TextBlock>
        
        <TextBlock HPOS="368"
                   VPOS="710"
                   WIDTH="1314"
                   HEIGHT="425"
                   ID="eSc_textblock_b66c9089"
                   TAGREFS="BT3830">
          <Shape><Polygon POINTS="368 710 368 1135 1682 1135 1682 710"/></Shape>
          
        </TextBlock>
        
        <TextBlock HPOS="359"
                   VPOS="1631"
                   WIDTH="1320"
                   HEIGHT="588"
                   ID="eSc_textblock_8061f15f"
                   TAGREFS="BT3830">
          <Shape><Polygon POINTS="359 1631 359 2219 1679 2219 1679 1631"/></Shape>
          
        </TextBlock>
        
        <TextBlock HPOS="359"
                   VPOS="2242"
                   WIDTH="1325"
                   HEIGHT="74"
                   ID="eSc_textblock_2d1ef1c3"
                   TAGREFS="BT3830">
          <Shape><Polygon POINTS="359 2242 359 2316 1684 2316 1684 2242"/></Shape>
          
        </TextBlock>
        
        <TextBlock HPOS="371"
                   VPOS="1175"
                   WIDTH="1301"
                   HEIGHT="432"
                   ID="eSc_textblock_c6b86ebb"
                   TAGREFS="BT3830">
          <Shape><Polygon POINTS="371 1175 371 1607 1672 1607 1672 1175"/></Shape>
          
        </TextBlock>
        
        <TextBlock HPOS="472"
                   VPOS="459"
                   WIDTH="1198"
                   HEIGHT="206"
                   ID="eSc_textblock_ae7a8eb5"
                   TAGREFS="BT3831">
          <Shape><Polygon POINTS="472 665 472 459 1670 459 1670 665"/></Shape>
          
        </TextBlock>
        

        
      </PrintSpace>
    </Page>
  </Layout>
</alto>
