1863 2942
792 384 175 79 — 27 —

341 470 1185 57 de pousser l’ennemi et d’éclairer aussi le pays du côté de Znaim. « Vous

341 512 1183 56 serez sous les ordres du général Marmont qui part d’ici à minuit avec

341 544 1185 64 son corps d’armée qui se trouve augmenté de la division du général

343 583 155 59 Wrède. »

238 647 1286 71 135. CAMBACÉRÈS (Jean-Jacques-Régis de), conventionnel,

351 703 1175 81 deuxième consul, archi-chancelier de l’Empire, duc de

351 752 549 71 Parme, n. 1753, m. 1824.

390 801 1141 84 L. s. au prince vice grand électeur; Paris, 12 juillet 1809, 1 p.

353 872 169 71 1/4 in-4.

382 924 1149 90 Importante lettre où il lui transcrit le passage d'une lettre de Ber¬

336 953 920 61 thier annonçant la nouvelle victoire de Wagram.

235 1044 1294 69 136. SOULT (Jean de Dieu), duc de Dalmatie, illustre maréchal

348 1093 655 59 de l’Empire, n. 1769, m. 1851.

385 1132 820 91 P. s.; Madrid, 18 novembre 1809, 2 p. in-fol.

373 1201 1151 81 Copie d’une lettre adressée par lui au maréchal duc de Bellune et

338 1262 1181 66 contenant les ordres pour attaquer l’ennemi. Très intéressants détails.

240 1311 594 110 137. SOULT (Jean de Dieu).

387 1412 911 59 L. s. à MASSÉNA; Séville, 22 avril 1811, 2 p. in-fol.

370 1475 1151 54 IMPORTANTE LETTRE HISTORIQUE. Il lui mande que pendant la dernière

338 1512 1183 52 campagne de l’Estramadure et le siège de Badajoz il lui a envoyé plu¬

333 1549 1186 54 sieurs lettres, mais qu’il n’a reçu aucune réponse. Il vient d’être attaqué

338 1583 1183 59 sur sa droite par une armée anglo-portugaise commandée par le géné¬

333 1620 1186 54 ral Beresford. Il prend ses dispositions pour secourir Badajoz, où com¬

338 1654 1178 57 mande le général Philippon. « Ses sentiments d’honneur et le caractère

336 1691 1183 59 prononcé qui le distinguent me donnent la confiance que cette impor¬

338 1725 1178 54 tante conquête sera conservée, si nous pouvons arriver à temps pour la

341 1760 1175 54 secourir. » Il va donc marcher en avant pour livrer bataille à l’ennemi

341 1797 1180 56 et dégager Badajoz. — (Soult livra, le 15 mai, la bataille d’Albuera, mais

341 1833 1178 54 fut battu. Badajoz, assiégé par Wellington le 4 mai, résista si bien que

343 1873 548 51 celui-ci dut se retirer le 17 juin).

238 1941 623 76 138. BERTHIER (Alexandre).

390 2010 1136 86 L. s. au général Reynier; Ghloubokoé, 22 juillet 1811, 4 heures

348 2054 408 78 du soir, 2 p. 1/4 in-4.

370 2105 1156 67 PIÈCE HISTORIQUE sur la campagne de Russie. Il lui transmet les ordres

333 2150 1186 51 de l’Empereur pour entrer en Wolhynie et y fomenter l’insurrection.

343 2184 1181 56 Nouvelles de l’armée ennemie. L’Empereur l’autorise à demander au

343 2218 1178 57 ministre de la guerre polonais à Varsovie qu'on lui envoie 2 ou 3,000 hom¬

343 2257 1178 76 mes des dépôts, ainsi que tous les citoyens marquants du pays qui vou¬

338 2294 634 76 dront venir concourir à l'insurrection.
