1825 2921
723 389 176 56 — 31 —

168 467 1279 87 151. MATHIEU (le comte Maurice), célèbre général, n. 1768.

287 513 197 76 m. 1833.

321 574 1131 83 L. a. s. au général Ornano; Paris, 14 février 1814, 1 p. in-fol.

314 654 1140 64 Pièce historique où il mande que l’Empereur a ordonné au général

277 696 1177 56 Charpentier d’occuper Corbeil, La Ferté Alais et tous les petits ponts

280 737 407 58 sur la rivière d’Essonne.

175 813 1279 77 152. HULIN (Pierre-Auguste, comte), un des vainqueurs de la

289 861 1163 66 Bastille, général, président de la commission militaire

289 912 1158 68 qui condamna le duc d’Enghien, gouverneur de Paris,

289 963 563 66 n. à Paris, 1758, m. 1841.

326 1032 1128 70 L. s. à M. Pouget, commandant à Saint-Maur ; Paris, 28 fév. 1814,

285 1083 199 58 1 p. in-fol.

316 1122 1143 80 Intéressante lettre où il lui mande que le pont de Saint-Maur doit

280 1180 1167 61 être gardé de manière à être à l’abri de toute tentative de l’ennemi.

280 1214 1174 63 « Ce pont doit être défendu avec la plus grande vigueur et jusqu’à la

280 1258 353 63 dernière extrémité. »

175 1319 672 92 153. ARRIGHI (Jean-Toussaint).

326 1385 1133 90 L. a. s. à un maréchal ; Villenoxe, 28 fév. 1814, une heure du

287 1448 390 63 matin, 3/4 de p. in-4.

316 1492 1141 73 Il mande que l'Empereur sera ce matin de bonne heure à La Fère

277 1550 1175 54 Champenoise sur les derrières de l’ennemi et marchant contre lui.

277 1587 1175 56 L’Empereur a avec lui sa garde et les troupes aux ordres des maré¬

277 1626 346 63 chaux Ney et Victor.

172 1696 1280 78 154. CHARPENTIER (Henri-François-Marie, comte), général,

292 1762 1165 68 un des héros de Wagram et des campagnes de Russie et

289 1808 853 73 de France, n. à Soissons, 1769, m. 1831.

326 1871 570 73 P. a. s.; 7 mars 1814, 2 p. in-4.

314 1918 1143 92 PIÈCE HISTORIQUE. Rappart sur les opératious de la septième division

280 1986 1174 56 de la jeune garde à la bataille de Craonne, remportée sur Blucher par

280 2020 1177 61 Napoléon. Il fait l’éloge de ses troupes. « Lorsque les boulets arrivaient

280 2059 1174 56 dans leurs rangs, les jeunes conscrits, sans ralentir leur marche, pour

280 2095 1177 54 témoigner leur dévouement, ne cessaient de répéter : Vive l’Empereur. »

275 2127 663 58 Il donne l’état des pertes de sa division.

175 2202 1284 73 155. BELLIARD (Augustin-Daniel, comte), général, un des

292 2266 1165 78 héros des campagnes d’Egypte et de France, ambassa¬
